Name,Weight,Id,Details,Price,Price per Kg,Promotion Discount,Promotion End Date,Image Url
Mandorle Sgusciate,50 g,https://www.spesaonline.unes.it/p/47204,"1 conf 50g | 19,80 €/kg","0,99","19,80",,,https://unesretailprod.blob.core.windows.net/retail/FRESCHI/ORTOFRUTTA/47204/5EB7F455-11EC-4273-9C65-AE95641347C4_1_MEDIUM.Jpg
Noci Sgusciate,40 g,https://www.spesaonline.unes.it/p/47203,"1 conf 40g | 24,75 €/kg","0,99","24,75",,,https://unesretailprod.blob.core.windows.net/retail/FRESCHI/ORTOFRUTTA/47203/DA5963D0-D40C-4BB6-87C1-4C14AD9B87BF_1_MEDIUM.Jpg
Rice Crackers al Chili,60 g,https://www.spesaonline.unes.it/p/42067,"1 conf 60g | 16,50 €/kg","0,99","16,50",,,https://unesretailprod.blob.core.windows.net/retail/FRESCHI/ORTOFRUTTA/42067/4B7AB7FD-82B6-432D-97B2-A358BA5DD529_1_MEDIUM.Jpg
Mais Tostato Gigante Piccante,80 g,https://www.spesaonline.unes.it/p/42066,"1 conf 80g | 12,37 €/kg","0,99","12,37",,,https://unesretailprod.blob.core.windows.net/retail/FRESCHI/ORTOFRUTTA/42066/D2549149-BA55-4D58-ABD4-541BF91D5130_1_MEDIUM.Jpg
Semi Zucca Salati e Tostati,80 g,https://www.spesaonline.unes.it/p/35385,"1 conf 80g | 12,37 €/kg","0,99","12,37",,,https://unesretailprod.blob.core.windows.net/retail/FRESCHI/ORTOFRUTTA/35385/79F0CCD8-2548-4DEF-876E-75270BF3DB60_1_MEDIUM.Jpg
Pistacchi Tostati e Salati,40 g,https://www.spesaonline.unes.it/p/35383,"1 conf 40g | 24,75 €/kg","0,99","24,75",,,https://unesretailprod.blob.core.windows.net/retail/FRESCHI/ORTOFRUTTA/35383/1D903E4C-2706-4034-9F28-4A9A7FB1DF0D_1_MEDIUM.Jpg
Arachidi Fritte e Salate,150 g,https://www.spesaonline.unes.it/p/35380,"1 conf 150g | 6,60 €/kg","0,99","6,60",,,https://unesretailprod.blob.core.windows.net/retail/FRESCHI/ORTOFRUTTA/35380/0CE88BD0-05D5-4AE2-94B0-69CA7D2F43BC_1_MEDIUM.Jpg
Anacardi Tostati e Salati,40 g,https://www.spesaonline.unes.it/p/35378,"1 conf 40g | 24,75 €/kg","0,99","24,75",,,https://unesretailprod.blob.core.windows.net/retail/FRESCHI/ORTOFRUTTA/35378/2E493149-3580-4989-AABA-671ABF618B5B_1_MEDIUM.Jpg
Misto Piccante Salato,100 g,https://www.spesaonline.unes.it/p/35375,"1 conf 100g | 9,90 €/kg","0,99","9,90",,,https://unesretailprod.blob.core.windows.net/retail/FRESCHI/ORTOFRUTTA/35375/69D72F5E-9FA7-4267-BE79-03148F3548D5_1_MEDIUM.Jpg
Misto Salato,100 g,https://www.spesaonline.unes.it/p/35356,"1 conf 100g | 9,90 €/kg","0,99","9,90",,,https://unesretailprod.blob.core.windows.net/retail/FRESCHI/ORTOFRUTTA/35356/B63556C0-3820-40CA-97F1-B8F6F80E6158_1_MEDIUM.Jpg
Arachidi Dorate Salate,250 g,https://www.spesaonline.unes.it/p/14666,"1 conf 250g | 5,16 €/kg","1,29","5,16",,,https://unesretailprod.blob.core.windows.net/retail/FRESCHI/ORTOFRUTTA/14666/D1404A13-2A3F-4CA9-8791-185362AB558E_1_MEDIUM.Jpg
Albicocche Denocciolate Essiccate,200 g,https://www.spesaonline.unes.it/p/35502,"1 conf 200g | 14,95 €/kg","2,99","14,95",,,https://unesretailprod.blob.core.windows.net/retail/FRESCHI/ORTOFRUTTA/35502/B2F344C8-67C3-4F6C-89BF-F32CC2D151D7_1_MEDIUM.Jpg
Prunge Denocciolate Essiccate,200 g,https://www.spesaonline.unes.it/p/34694,"1 conf 200g | 13,45 €/kg","2,69","13,45",,,https://unesretailprod.blob.core.windows.net/retail/FRESCHI/ORTOFRUTTA/34694/7FB53C5A-30AF-4259-B491-7CF434E29E11_1_MEDIUM.Jpg
Pane a Fette 8 Cereali e Soia U! Confronta e Risparmia,,https://www.spesaonline.unes.it/p/738003,"1 conf 400g | 2,72 €/kg","1,09","2,72",,,https://unesretailprod.blob.core.windows.net/retail/SECCHI/SCATOLAME/738003/A62C9C60-B0D6-4787-B6F9-9BC33E888210_1_MEDIUM.Jpg
Pane a Fette Bianco U! Confronta e Risparmia,,https://www.spesaonline.unes.it/p/738002,"1 conf 400g | 2,72 €/kg","1,09","2,72",,,https://unesretailprod.blob.core.windows.net/retail/SECCHI/SCATOLAME/738002/43ADEB33-60E4-42D1-8DCD-01E020E7FF87_1_MEDIUM.Jpg
Pane a Fette al Grano Duro U! Confronta e Risparmia,,https://www.spesaonline.unes.it/p/738001,"1 conf 400g | 2,87 €/kg","1,15","2,87",,,https://unesretailprod.blob.core.windows.net/retail/SECCHI/SCATOLAME/738001/8F05931C-E053-40E4-A190-55EA3046C80E_1_MEDIUM.Jpg
Pane Integrale,400 g,https://www.spesaonline.unes.it/p/18470,"1 conf 400g | 2,97 €/kg","1,19","2,97",,,https://unesretailprod.blob.core.windows.net/retail/SECCHI/SCATOLAME/18470/4739E93D-01E6-4BAA-B302-0A9D2F2D58F0_1_MEDIUM.Jpg
Pan Carrè U! Confronta e Risparmia,,https://www.spesaonline.unes.it/p/13140,"1 conf 330g | 2,27 €/kg","0,75","2,27",,,https://unesretailprod.blob.core.windows.net/retail/SECCHI/SCATOLAME/13140/FDB38EEB-8DC5-4B87-8E0B-109DD94CCCDC_1_MEDIUM.Jpg
Pane Grattugiato U! Confronta e Risparmia,,https://www.spesaonline.unes.it/p/738592,"1 conf 500g | 1,98 €/kg","0,99","1,98",,,https://unesretailprod.blob.core.windows.net/retail/SECCHI/SCATOLAME/738592/46736E96-FFA7-4D39-AFE3-4CEB5C4ED3C4_1_MEDIUM.Jpg
6 Panini per Hamburger U! Confronta e Risparmia,,https://www.spesaonline.unes.it/p/58376,"1 conf 300g | 4,63 €/kg","1,39","4,63",,,https://unesretailprod.blob.core.windows.net/retail/SECCHI/SCATOLAME/58376/D67A4DB3-B051-48A3-A405-BB955E02B4F2_1_MEDIUM.Jpg
4 Panini per Hot Dog U! Confronta e Risparmia,,https://www.spesaonline.unes.it/p/58375,"1 conf 250g | 4,36 €/kg","1,09","4,36",,,https://unesretailprod.blob.core.windows.net/retail/SECCHI/SCATOLAME/58375/37C4FEF7-F4E3-4CB3-B128-C748B6B84C32_1_MEDIUM.Jpg
Pane per Tramezzini U! Confronta e Risparmia,,https://www.spesaonline.unes.it/p/4445,"1 conf 250g | 5,40 €/kg","1,35","5,40",,,https://unesretailprod.blob.core.windows.net/retail/SECCHI/SCATOLAME/4445/29D06890-B2D0-43FE-B3D8-8EE1A121B07F_1_MEDIUM.Jpg
8 Panini Morbidi Tondi U! Confronta e Risparmia,,https://www.spesaonline.unes.it/p/37611,"1 conf 250g | 6,36 €/kg","1,59","6,36",,,https://unesretailprod.blob.core.windows.net/retail/SECCHI/SCATOLAME/37611/27B1E13A-B94D-4975-BAC1-02074D2A9EF3_1_MEDIUM.Jpg
8 Panini Morbidi Lunghi U! Confronta e Risparmia,,https://www.spesaonline.unes.it/p/37610,"1 conf 250g | 6,36 €/kg","1,59","6,36",,,https://unesretailprod.blob.core.windows.net/retail/SECCHI/SCATOLAME/37610/6D9BBD7B-256E-4225-8112-4AADF54EE5C9_1_MEDIUM.Jpg
Gallette di Riso Ricoperte di Cioccolato al Latte U! Confronta e Risparmia,,https://www.spesaonline.unes.it/p/28733,"1 conf 100g | 16,90 €/kg","1,69","16,90",,,https://unesretailprod.blob.core.windows.net/retail/SECCHI/SCATOLAME/28733/637C6822-8FCE-4DAB-8395-9003A715763C_1_MEDIUM.Jpg
Crackers Integrali Ricchi di Fibre U! Confronta e Risparmia,,https://www.spesaonline.unes.it/p/50074,"1 conf 400g | 3,87 €/kg","1,55","3,87",,,https://unesretailprod.blob.core.windows.net/retail/SECCHI/SCATOLAME/50074/F419E8C0-C834-4831-9CAF-8A5C5DF03294_1_MEDIUM.Jpg
"Crostini con Farina di Grano Tenero Tipo ""0"" e Farina Integrale di Frumento U! Confronta e Risparmia",,https://www.spesaonline.unes.it/p/48311,"1 conf 250g | 4,76 €/kg","1,19","4,76",,,https://unesretailprod.blob.core.windows.net/retail/SECCHI/SCATOLAME/48311/CFE35574-052E-4463-A556-1F526CC704F1_1_MEDIUM.Jpg
Crostini Classici U! Confronta e Risparmia,,https://www.spesaonline.unes.it/p/48309,"1 conf 250g | 4,76 €/kg","1,19","4,76",,,https://unesretailprod.blob.core.windows.net/retail/SECCHI/SCATOLAME/48309/89AD11A6-F9DA-4295-ADC4-E484CA1EEE28_1_MEDIUM.Jpg
Crackers Leggeri* U! Confronta e Risparmia,,https://www.spesaonline.unes.it/p/46143,"1 conf 250g | 4,76 €/kg","1,19","4,76",,,https://unesretailprod.blob.core.windows.net/retail/SECCHI/SCATOLAME/46143/5B4BEA4E-D411-48CB-8581-71D4BD9A5070_1_MEDIUM.Jpg
Crackers con Riso Soffiato U! Confronta e Risparmia,,https://www.spesaonline.unes.it/p/37472,"1 conf 240g | 5,20 €/kg","1,25","5,20",,,https://unesretailprod.blob.core.windows.net/retail/SECCHI/SCATOLAME/37472/4C085B17-52C8-4116-8189-CF1B61706826_1_MEDIUM.Jpg
Crackers Salati in Superficie U! Confronta e Risparmia,,https://www.spesaonline.unes.it/p/25352,"1 conf 500g | 2,78 €/kg","1,39","2,78",,,https://unesretailprod.blob.core.windows.net/retail/SECCHI/SCATOLAME/25352/150EFD8F-74EC-4E14-BB65-49078088366C_1_MEDIUM.Jpg
Crackers con Farina Integrale U! Confronta e Risparmia,,https://www.spesaonline.unes.it/p/25351,"1 conf 500g | 2,78 €/kg","1,39","2,78",,,https://unesretailprod.blob.core.windows.net/retail/SECCHI/SCATOLAME/25351/C92B0E0C-D8DA-40F5-9049-FD2636C5375E_1_MEDIUM.Jpg
Crackers Salati Senza Granelli di Sale in Superficie U! Confronta e Risparmia,,https://www.spesaonline.unes.it/p/25350,"1 conf 500g | 2,78 €/kg","1,39","2,78",,,https://unesretailprod.blob.core.windows.net/retail/SECCHI/SCATOLAME/25350/8B01C319-4164-4B31-A113-CB7F0A28C26E_1_MEDIUM.Jpg
Grissini Tipo Torinesi U! Confronta e Risparmia,,https://www.spesaonline.unes.it/p/733933,"1 conf 240g | 5,37 €/kg","1,29","5,37",,,https://unesretailprod.blob.core.windows.net/retail/SECCHI/SCATOLAME/733933/0A9355EA-0FFE-4C24-9434-4F61483E7F2E_1_MEDIUM.Jpg
Grissini Tipo Torinesi 3 Porzioni U! Confronta e Risparmia,,https://www.spesaonline.unes.it/p/733932,"1 conf 300g | 3,96 €/kg","1,19","3,96",,,https://unesretailprod.blob.core.windows.net/retail/SECCHI/SCATOLAME/733932/14FF3538-7607-46DB-B5AC-364CF8291D85_1_MEDIUM.Jpg
"Grissini con Farina Integrale e Farina Tipo ""0"" U! Confronta e Risparmia",,https://www.spesaonline.unes.it/p/733931,"1 conf 250g | 4,76 €/kg","1,19","4,76",,,https://unesretailprod.blob.core.windows.net/retail/SECCHI/SCATOLAME/733931/662C0DA5-635A-48C6-B983-F31F85FF9083_1_MEDIUM.Jpg
Grissini Friabili U! Confronta e Risparmia,,https://www.spesaonline.unes.it/p/733930,"1 conf 250g | 4,36 €/kg","1,09","4,36",,,https://unesretailprod.blob.core.windows.net/retail/SECCHI/SCATOLAME/733930/E331FABB-83BE-4E57-9FCF-F10138770347_1_MEDIUM.Jpg
Grissini al Sesamo U! Confronta e Risparmia,,https://www.spesaonline.unes.it/p/733341,"1 conf 200g | 6,95 €/kg","1,39","6,95",,,https://unesretailprod.blob.core.windows.net/retail/SECCHI/SCATOLAME/733341/A423B07F-A8E5-4A15-902E-FB368C790293_1_MEDIUM.Jpg
Taralli con Cipolla U! Confronta e Risparmia,,https://www.spesaonline.unes.it/p/67049,"1 conf 250g | 3,96 €/kg","0,99","3,96",,,https://unesretailprod.blob.core.windows.net/retail/SECCHI/SCATOLAME/67049/C99D48A7-CACD-4A3E-9F74-88825FC489DE_1_MEDIUM.Jpg
Taralli con Semi di Finocchio U! Confronta e Risparmia,,https://www.spesaonline.unes.it/p/67048,"1 conf 250g | 3,96 €/kg","0,99","3,96",,,https://unesretailprod.blob.core.windows.net/retail/SECCHI/SCATOLAME/67048/91D49A73-1FAD-4F8C-8601-371428BB130E_1_MEDIUM.Jpg
Taralli alla Pizzaiola U! Confronta e Risparmia,,https://www.spesaonline.unes.it/p/67046,"1 conf 250g | 3,96 €/kg","0,99","3,96",,,https://unesretailprod.blob.core.windows.net/retail/SECCHI/SCATOLAME/67046/0CF28205-6ABB-4F1D-A881-65265473C3E9_1_MEDIUM.Jpg
Taralli U! Confronta e Risparmia,,https://www.spesaonline.unes.it/p/67044,"1 conf 250g | 3,96 €/kg","0,99","3,96",,,https://unesretailprod.blob.core.windows.net/retail/SECCHI/SCATOLAME/67044/49E2A934-AE07-433E-A499-9B73F1D437A4_1_MEDIUM.Jpg
Bruschette U! Confronta e Risparmia,,https://www.spesaonline.unes.it/p/51339,"1 conf 160g | 7,43 €/kg","1,19","7,43",,,https://unesretailprod.blob.core.windows.net/retail/SECCHI/SCATOLAME/51339/17330917-C87B-4F56-AADB-C775C4AE4804_1_MEDIUM.Jpg
"Grissini Fragranti Farina Tipo ""0"" e Farina Integrale di Farro U! Confronta e Risparmia",,https://www.spesaonline.unes.it/p/47573,"1 conf 250g | 9,16 €/kg","2,29","9,16",,,https://unesretailprod.blob.core.windows.net/retail/SECCHI/SCATOLAME/47573/3CB72B2F-09E4-4B55-861F-EF1C106FAF17_1_MEDIUM.Jpg
Grissini Fragranti con Olio di Oliva U! Confronta e Risparmia,,https://www.spesaonline.unes.it/p/47572,"1 conf 250g | 9,16 €/kg","2,29","9,16",,,https://unesretailprod.blob.core.windows.net/retail/SECCHI/SCATOLAME/47572/73EA8D5A-2B20-4CF2-8421-6F1B4D47DD07_1_MEDIUM.Jpg
Grissini Salati U! Confronta e Risparmia,,https://www.spesaonline.unes.it/p/21100,"1 conf 250g | 5,16 €/kg","1,29","5,16",,,https://unesretailprod.blob.core.windows.net/retail/SECCHI/SCATOLAME/21100/663B359A-3B21-47F8-9FD5-D7D415C44860_1_MEDIUM.Jpg
CROSTINI DORE' U! Confronta&Risparmia,,https://www.spesaonline.unes.it/p/10697,"1 conf 75g | 7,33 €/kg","0,55","7,33",,,https://unesretailprod.blob.core.windows.net/retail/SECCHI/SCATOLAME/10697/13508F4C-E619-4606-B462-25BE039A99DD_1_MEDIUM.Jpg
Latte Microfiltrato Parzialmente Scremato Senza Lattosio U! Confronta e Risparmia,,https://www.spesaonline.unes.it/p/87696,"1 conf 1l | 1,49 €/l","1,49","1,49",,,https://unesretailprod.blob.core.windows.net/retail/FRESCHI/SALUMI%20/%20LATTICINI/87696/0065AADC-9C9D-44CB-8CA2-FEDEF55F19C5_1_MEDIUM.Jpg
Latte Microfiltrato Intero U! Confronta e Risparmia,,https://www.spesaonline.unes.it/p/11047,"1 conf 1l | 1,35 €/l","1,35","1,35",,,https://unesretailprod.blob.core.windows.net/retail/FRESCHI/SALUMI%20/%20LATTICINI/11047/F8B407C2-2066-4F8E-BBA1-A3346CBC7C34_1_MEDIUM.Jpg
Latte Microfiltrato Parzialmente Scremato U! Confronta e Risparmia,,https://www.spesaonline.unes.it/p/11046,"1 conf 1l | 1,35 €/l","1,35","1,35",,,https://unesretailprod.blob.core.windows.net/retail/FRESCHI/SALUMI%20/%20LATTICINI/11046/174F7240-D5B5-4698-9BF1-BF11BEFB7E52_1_MEDIUM.Jpg
Bevanda a Base di Riso 100% Vegetale,1 l,https://www.spesaonline.unes.it/p/55830,"1 conf 1l | 1,85 €/l","1,85","1,85",,,https://unesretailprod.blob.core.windows.net/retail/FRESCHI/SALUMI%20/%20LATTICINI/55830/40E32452-16FB-41C5-8CAD-B33C10B32F7C_1_MEDIUM.Jpg
Latte Alta Digeribilità Parzialmente Scremato UHT U! Confronta e Risparmia,,https://www.spesaonline.unes.it/p/47089,"1 conf 1l | 1,35 €/l","1,35","1,35",,,https://unesretailprod.blob.core.windows.net/retail/FRESCHI/SALUMI%20/%20LATTICINI/47089/83651061-7B08-4DF7-827B-558D735A4364_1_MEDIUM.Jpg
Bevanda a Base di Soia 100% Vegetale,1 l,https://www.spesaonline.unes.it/p/40168,"1 conf 1l | 1,79 €/l","1,79","1,79",,,https://unesretailprod.blob.core.windows.net/retail/FRESCHI/SALUMI%20/%20LATTICINI/40168/4CF23070-E39E-4B73-A4CF-F8162C190A51_1_MEDIUM.Jpg
Latte Parzialmente Scremato UHT U! Confronta e Risparmia,,https://www.spesaonline.unes.it/p/155107,"1 conf 1l | 1,19 €/l","1,19","1,19",,,https://unesretailprod.blob.core.windows.net/retail/FRESCHI/SALUMI%20/%20LATTICINI/155107/22C28248-0538-4001-99CF-8CFDB47180E8_1_MEDIUM.Jpg
Latte Intero UHT U! Confronta e Risparmia,,https://www.spesaonline.unes.it/p/155106,"1 conf 1l | 1,29 €/l","1,29","1,29",,,https://unesretailprod.blob.core.windows.net/retail/FRESCHI/SALUMI%20/%20LATTICINI/155106/05127C75-1AB7-40B9-A60E-C24B7808112A_1_MEDIUM.Jpg
Panna Fresca U! Confronta e Risparmia,,https://www.spesaonline.unes.it/p/54316,"1 conf 500ml | 7,18 €/l","3,59","7,18",,,https://unesretailprod.blob.core.windows.net/retail/FRESCHI/SALUMI%20/%20LATTICINI/54316/BC96ADCD-F63B-4C3E-9BB8-8C80FB0CD169_1_MEDIUM.Jpg
Panna Fresca U! Confronta e Risparmia,,https://www.spesaonline.unes.it/p/32781,"1 conf 250g | 8,60 €/kg","2,15","8,60",,,https://unesretailprod.blob.core.windows.net/retail/FRESCHI/SALUMI%20/%20LATTICINI/32781/53C42479-C6D2-4A2D-822C-A285532219CA_1_MEDIUM.Jpg
Panna da Cucina UHT U! Confronta e Risparmia,,https://www.spesaonline.unes.it/p/153555,"1 conf 200ml | 5,45 €/l","1,09","5,45",,,https://unesretailprod.blob.core.windows.net/retail/FRESCHI/SALUMI%20/%20LATTICINI/153555/F2674360-15D0-46E6-A597-679556C50120_1_MEDIUM.Jpg
Burro Senza Lattosio U! Confronta e Risparmia,,https://www.spesaonline.unes.it/p/86759,"1 conf 200g | 13,45 €/kg","2,69","13,45",,,https://unesretailprod.blob.core.windows.net/retail/FRESCHI/SALUMI%20/%20LATTICINI/86759/A5AD1B79-67C3-4FF2-9610-58F29E13A344_1_MEDIUM.Jpg
Burro U! Confronta e Risparmia,,https://www.spesaonline.unes.it/p/73989,"1 conf 125g | 12,72 €/kg","1,59","12,72",,,https://unesretailprod.blob.core.windows.net/retail/FRESCHI/SALUMI%20/%20LATTICINI/73989/7D61BB57-D05D-48CD-B8D4-620B6458F4D4_1_MEDIUM.Jpg
Burro 12 Porzioni U! Confronta e Risparmia,,https://www.spesaonline.unes.it/p/49563,"1 conf 125g | 15,92 €/kg","1,99","15,92",,,https://unesretailprod.blob.core.windows.net/retail/FRESCHI/SALUMI%20/%20LATTICINI/49563/2ACD2F9C-B5BB-4627-A86B-D0356F4083ED_1_MEDIUM.Jpg
Burro,250 g,https://www.spesaonline.unes.it/p/44847,"1 conf 250g | 11,96 €/kg","2,99","11,96",,,https://unesretailprod.blob.core.windows.net/retail/FRESCHI/SALUMI%20/%20LATTICINI/44847/1927ED31-1197-47C2-B358-344F5868E037_1_MEDIUM.Jpg
YOGURT SOIA FRUTTA E CEREALI U! Confronta e Risparmia,,https://www.spesaonline.unes.it/p/78459,"1 conf 250g | 4,76 €/kg","1,19","4,76",,,https://unesretailprod.blob.core.windows.net/retail/FRESCHI/SALUMI%20/%20LATTICINI/78459/BE70EE0E-E75B-4D03-8B9D-D5A8605EA1EB_1_MEDIUM.Jpg
YOGURT SOIA BIANCO U! Confronta e Risparmia,,https://www.spesaonline.unes.it/p/78458,"1 conf 250g | 4,76 €/kg","1,19","4,76",,,https://unesretailprod.blob.core.windows.net/retail/FRESCHI/SALUMI%20/%20LATTICINI/78458/82C69EE8-AAFE-41E6-BB57-4BC0276F6EA4_1_MEDIUM.Jpg
YOGURT SOIA MIRTILLI U! Confronta e Risparmia,,https://www.spesaonline.unes.it/p/78457,"1 conf 250g | 4,76 €/kg","1,19","4,76",,,https://unesretailprod.blob.core.windows.net/retail/FRESCHI/SALUMI%20/%20LATTICINI/78457/E37E3F93-0DAE-4FF6-A6FB-6A2D21958A6B_1_MEDIUM.Jpg
Yogurt Magro Bianco U! Confronta e Risparmia,,https://www.spesaonline.unes.it/p/60904,"1 conf 500g | 2,78 €/kg","1,39","2,78",,,https://unesretailprod.blob.core.windows.net/retail/FRESCHI/SALUMI%20/%20LATTICINI/60904/B4EA83A5-39EF-4A52-AD4D-464913CDA972_1_MEDIUM.Jpg
Yogurt Intero Bianco U! Confronta e Risparmia,,https://www.spesaonline.unes.it/p/60903,"1 conf 500g | 2,78 €/kg","1,39","2,78",,,https://unesretailprod.blob.core.windows.net/retail/FRESCHI/SALUMI%20/%20LATTICINI/60903/AC1A402A-01A1-440D-AE8A-48211FFC79EC_1_MEDIUM.Jpg
Yogurt Intero Cremoso Bianco U! Confronta e Risparmia,,https://www.spesaonline.unes.it/p/45733,"1 conf 500g | 2,78 €/kg","1,39","2,78",,,https://unesretailprod.blob.core.windows.net/retail/FRESCHI/SALUMI%20/%20LATTICINI/45733/9C4FF975-7CB5-4857-A1DC-6CEBC851E442_1_MEDIUM.Jpg
Yogurt Intero Albicocca U! Confronta e Risparmia,,https://www.spesaonline.unes.it/p/60910,"1 conf 500g | 2,78 €/kg","1,39","2,78",,,https://unesretailprod.blob.core.windows.net/retail/FRESCHI/SALUMI%20/%20LATTICINI/60910/C7CDEF90-9AC3-4F91-B84E-D490864CD800_1_MEDIUM.Jpg
Yogurt Intero Ananas U! Confronta e Risparmia,,https://www.spesaonline.unes.it/p/60909,"1 conf 500g | 2,78 €/kg","1,39","2,78",,,https://unesretailprod.blob.core.windows.net/retail/FRESCHI/SALUMI%20/%20LATTICINI/60909/0E7FB509-BFE9-4FC8-A3D4-88AC6AA0EF2F_1_MEDIUM.Jpg
Yogurt Intero Fragola U! Confronta e Risparmia,,https://www.spesaonline.unes.it/p/60908,"1 conf 500g | 2,78 €/kg","1,39","2,78",,,https://unesretailprod.blob.core.windows.net/retail/FRESCHI/SALUMI%20/%20LATTICINI/60908/B4D570DC-506F-437F-A079-B5B9AF149B4B_1_MEDIUM.Jpg
Yogurt Intero Caffè U! Confronta e Risparmia,,https://www.spesaonline.unes.it/p/60906,"1 conf 500g | 2,78 €/kg","1,39","2,78",,,https://unesretailprod.blob.core.windows.net/retail/FRESCHI/SALUMI%20/%20LATTICINI/60906/9249B533-5C77-4150-9400-F0DF5A006747_1_MEDIUM.Jpg
Yogurt Mix Cremoso con Fiocchi di Mais al Cioccolato al Latte U! Confronta e Risparmia,,https://www.spesaonline.unes.it/p/91506,"1 conf 150g | 5,93 €/kg","0,69","5,93",€0.20,10/12,https://unesretailprod.blob.core.windows.net/retail/FRESCHI/SALUMI%20/%20LATTICINI/91506/689318A5-119E-4AEF-8542-C66D3C77FFD9_1_MEDIUM.Jpg
Yogurt Mix Cremoso con Anelli al Cioccolato al Latte U! Confronta e Risparmia,,https://www.spesaonline.unes.it/p/91505,"1 conf 150g | 5,93 €/kg","0,69","5,93",€0.20,10/12,https://unesretailprod.blob.core.windows.net/retail/FRESCHI/SALUMI%20/%20LATTICINI/91505/6F61E2FD-3242-46AA-88DA-112D6364D54C_1_MEDIUM.Jpg
Yogurt Mix alla Vaniglia con Granella di Nocciole e Cioccolato al Latte U! Confronta e Risparmia,,https://www.spesaonline.unes.it/p/91494,"1 conf 150g | 5,93 €/kg","0,89","5,93",,,https://unesretailprod.blob.core.windows.net/retail/FRESCHI/SALUMI%20/%20LATTICINI/91494/83C72F0B-DDEB-422C-91E4-920A5815FF8E_1_MEDIUM.Jpg
Cheesecake al Mirtillo U! Confronta e Risparmia,,https://www.spesaonline.unes.it/p/88929,"1 conf 85g | 17,52 €/kg","1,49","17,52",,,https://unesretailprod.blob.core.windows.net/retail/FRESCHI/SALUMI%20/%20LATTICINI/88929/924AA419-96B4-4126-958C-4635F033228B_1_MEDIUM.Jpg
Profiteroles,450 g,https://www.spesaonline.unes.it/p/84572,"1 conf 450g | 9,75 €/kg","4,39","9,75",,,https://unesretailprod.blob.core.windows.net/retail/FRESCHI/SALUMI%20/%20LATTICINI/84572/0D34907E-441C-4741-8112-110DD4A299DD_1_MEDIUM.Jpg
Profiteroles U! Confronta e Risparmia,,https://www.spesaonline.unes.it/p/39675,"1 conf 85g | 14,00 €/kg","1,19","14,00",,,https://unesretailprod.blob.core.windows.net/retail/FRESCHI/SALUMI%20/%20LATTICINI/39675/F4F8AA8B-D5DD-401B-9D99-05D47237EB7F_1_MEDIUM.Jpg
Tiramisù U! Confronta e Risparmia,,https://www.spesaonline.unes.it/p/39674,"1 conf 85g | 14,00 €/kg","1,19","14,00",,,https://unesretailprod.blob.core.windows.net/retail/FRESCHI/SALUMI%20/%20LATTICINI/39674/7848B128-D3AA-46DD-97BF-B9F670BF7D9F_1_MEDIUM.Jpg
Creme Dessert Vaniglia U! Confronta e Risparmia,,https://www.spesaonline.unes.it/p/11139,"1 conf 500g | 4,18 €/kg","2,09","4,18",,,https://unesretailprod.blob.core.windows.net/retail/FRESCHI/SALUMI%20/%20LATTICINI/11139/33A9A325-E1E3-48D7-97A9-940D1C744508_1_MEDIUM.Jpg
Creme Dessert Gusto Cioccolato U! Confronta e Risparmia,,https://www.spesaonline.unes.it/p/11138,"1 conf 500g | 4,18 €/kg","2,09","4,18",,,https://unesretailprod.blob.core.windows.net/retail/FRESCHI/SALUMI%20/%20LATTICINI/11138/E873B3BB-7E2B-4763-B121-F64752D83734_1_MEDIUM.Jpg
Coppa Delizia U! Confronta e Risparmia,,https://www.spesaonline.unes.it/p/11137,"1 conf 400g | 5,22 €/kg","2,09","5,22",,,https://unesretailprod.blob.core.windows.net/retail/FRESCHI/SALUMI%20/%20LATTICINI/11137/ABE8E8EE-E62B-4529-B34E-903A77981589_1_MEDIUM.Jpg
Creme Caramel U! Confronta e Risparmia,,https://www.spesaonline.unes.it/p/11136,"1 conf 400g | 5,22 €/kg","2,09","5,22",,,https://unesretailprod.blob.core.windows.net/retail/FRESCHI/SALUMI%20/%20LATTICINI/11136/F7B6F8E9-CD63-47F4-92D8-BBBEFF5EA158_1_MEDIUM.Jpg
Bonfruttino U! Confronta e Risparmia,,https://www.spesaonline.unes.it/p/11140,"1 conf 300g | 4,96 €/kg","1,49","4,96",,,https://unesretailprod.blob.core.windows.net/retail/FRESCHI/SALUMI%20/%20LATTICINI/11140/724C6983-8C80-48F3-98FF-BBBCAFE1479A_1_MEDIUM.Jpg
Grana Padano DOP Bocconcini U! Confronta e Risparmia,,https://www.spesaonline.unes.it/p/91748,"1 conf 300g | 19,96 €/kg","5,99","19,96",,,https://unesretailprod.blob.core.windows.net/retail/FRESCHI/SALUMI%20/%20LATTICINI/91748/684CAD20-119A-40B2-8BD2-E2241338A939_1_MEDIUM.Jpg
Grana Padano DOP Grattugiato U! Confronta e Risparmia,,https://www.spesaonline.unes.it/p/87621,"1 conf 100g | 17,90 €/kg","1,79","17,90",,,https://unesretailprod.blob.core.windows.net/retail/FRESCHI/SALUMI%20/%20LATTICINI/87621/5D0FBA7C-B17A-4079-A996-AC4C16E84427_1_MEDIUM.Jpg
Parmigiano Reggiano DOP Grattugiato U! Confronta e Risparmia,,https://www.spesaonline.unes.it/p/85706,"1 conf 100g | 21,90 €/kg","2,19","21,90",,,https://unesretailprod.blob.core.windows.net/retail/FRESCHI/SALUMI%20/%20LATTICINI/85706/461B37AB-D304-4EAD-9C2D-00A8BA31191A_1_MEDIUM.Jpg
Formaggio Grattugiato U! Confronta e Risparmia,,https://www.spesaonline.unes.it/p/84433,"1 conf 100g | 15,90 €/kg","1,59","15,90",,,https://unesretailprod.blob.core.windows.net/retail/FRESCHI/SALUMI%20/%20LATTICINI/84433/E505739E-27A2-47F8-B52A-26A44983B9C3_1_MEDIUM.Jpg
Snack di Grana Padano DOP U! Confronta e Risparmia,,https://www.spesaonline.unes.it/p/49569,"1 conf 100g | 23,90 €/kg","2,39","23,90",,,https://unesretailprod.blob.core.windows.net/retail/FRESCHI/SALUMI%20/%20LATTICINI/49569/1D6A1740-A256-4A49-A59D-C2EC2F86862C_1_MEDIUM.Jpg
Mix Grattugiato U! Confronta e Risparmia,,https://www.spesaonline.unes.it/p/44483,"1 conf 200g | 12,95 €/kg","2,59","12,95",,,https://unesretailprod.blob.core.windows.net/retail/FRESCHI/SALUMI%20/%20LATTICINI/44483/E9CB8938-B6BB-407B-AF3F-E0EBD5ED74A1_1_MEDIUM.Jpg
Tre Mozzarelle U! Confronta e Risparmia,,https://www.spesaonline.unes.it/p/88437,"1 conf 300g | 8,96 €/kg","2,69","8,96",,,https://unesretailprod.blob.core.windows.net/retail/FRESCHI/SALUMI%20/%20LATTICINI/88437/79507EE8-9611-4AF0-A3A0-259FC9F29611_1_MEDIUM.Jpg
Mozzarella U! Confronta e Risparmia,,https://www.spesaonline.unes.it/p/88436,"1 conf 100g | 10,90 €/kg","1,09","10,90",,,https://unesretailprod.blob.core.windows.net/retail/FRESCHI/SALUMI%20/%20LATTICINI/88436/A1FA217A-39CA-4E5A-A9EC-3CFDD47520D4_1_MEDIUM.Jpg
Mozzarella Light U! Confronta e Risparmia,,https://www.spesaonline.unes.it/p/88435,"1 conf 125g | 9,52 €/kg","1,19","9,52",,,https://unesretailprod.blob.core.windows.net/retail/FRESCHI/SALUMI%20/%20LATTICINI/88435/A9B628AD-B923-4D95-82F7-7E29649FE835_1_MEDIUM.Jpg
Mozzarella di Bufala Campana DOP Bocconcini U! Confronta e Risparmia,,https://www.spesaonline.unes.it/p/82000,"1 conf 400g | 14,97 €/kg","5,99","14,97",,,https://unesretailprod.blob.core.windows.net/retail/FRESCHI/SALUMI%20/%20LATTICINI/82000/A50CDB07-5B06-42F1-A326-BB09C16661FF_1_MEDIUM.Jpg
Mozzarella di Bufala Campana DOP U! Confronta e Risaprmia,,https://www.spesaonline.unes.it/p/81999,"1 conf 150g | 14,60 €/kg","2,19","14,60",,,https://unesretailprod.blob.core.windows.net/retail/FRESCHI/SALUMI%20/%20LATTICINI/81999/0EF93E9F-B5BE-4C16-965E-07A00AF44E12_1_MEDIUM.Jpg
CILIEGINE DI MOZZARELLA U! Confronta e Risparmia,,https://www.spesaonline.unes.it/p/77853,"1 conf 150g | 11,26 €/kg","1,69","11,26",,,https://unesretailprod.blob.core.windows.net/retail/FRESCHI/SALUMI%20/%20LATTICINI/77853/D1A43218-742A-4755-B591-43916C692624_1_MEDIUM.Jpg
Mozzarella U! Confronta e Risparmia,,https://www.spesaonline.unes.it/p/47900,"1 conf 400g | 8,47 €/kg","2,69","8,47",€0.70,10/12,https://unesretailprod.blob.core.windows.net/retail/FRESCHI/SALUMI%20/%20LATTICINI/47900/0B77363E-8C62-469E-B311-5ABC0418FEA8_1_MEDIUM.Jpg
Formaggio Spalmabile Senza Lattosio U! Confronta e Risparmia,,https://www.spesaonline.unes.it/p/87620,"1 conf 150g | 13,26 €/kg","1,99","13,26",,,https://unesretailprod.blob.core.windows.net/retail/FRESCHI/SALUMI%20/%20LATTICINI/87620/FA36490A-6A82-4D96-A89A-5BB9453D0E68_1_MEDIUM.Jpg
Mascarpone U! Confronta e Risaprmia,,https://www.spesaonline.unes.it/p/44759,"1 conf 250g | 8,60 €/kg","2,15","8,60",,,https://unesretailprod.blob.core.windows.net/retail/FRESCHI/SALUMI%20/%20LATTICINI/44759/AC632D8C-3147-4665-99AF-F4DDBF61C5E0_1_MEDIUM.Jpg
Mascarpone U! Confronta e Risaprmia,,https://www.spesaonline.unes.it/p/44486,"1 conf 500g | 7,98 €/kg","3,99","7,98",,,https://unesretailprod.blob.core.windows.net/retail/FRESCHI/SALUMI%20/%20LATTICINI/44486/F295638F-68FD-4602-8609-7EA85B8B6798_1_MEDIUM.Jpg
Stracchino Senza Lattosio U! Confronta e Risparmia,,https://www.spesaonline.unes.it/p/88860,"1 conf 100g | 13,90 €/kg","1,39","13,90",,,https://unesretailprod.blob.core.windows.net/retail/FRESCHI/SALUMI%20/%20LATTICINI/88860/C2C3E191-F387-4CFF-B5C3-BBA25C30F919_1_MEDIUM.Jpg
Ricottine Senza Lattosio U! Confronta e Risparmia,,https://www.spesaonline.unes.it/p/88859,"1 conf 200g | 7,95 €/kg","1,59","7,95",,,https://unesretailprod.blob.core.windows.net/retail/FRESCHI/SALUMI%20/%20LATTICINI/88859/831F495F-00B6-4311-A3A0-A4A34A8A7406_1_MEDIUM.Jpg
Caprino di Latte Caprino U! Confronta e Risparmia,,https://www.spesaonline.unes.it/p/80901,"1 conf 120g | 19,08 €/kg","2,29","19,08",,,https://unesretailprod.blob.core.windows.net/retail/FRESCHI/SALUMI%20/%20LATTICINI/80901/065D36C3-5DEE-40F7-B00E-C3E00D7FB784_1_MEDIUM.Jpg
Caprino di Latte Vaccino U! Confronta e Risparmia,,https://www.spesaonline.unes.it/p/80900,"1 conf 120g | 14,08 €/kg","1,69","14,08",,,https://unesretailprod.blob.core.windows.net/retail/FRESCHI/SALUMI%20/%20LATTICINI/80900/FA2CF2A1-9B83-4009-8AF7-5AB35C42665B_1_MEDIUM.Jpg
Gorgonzola DOP Piccante U! Confronta e Risparmia - 150 g,,https://www.spesaonline.unes.it/p/79183,"1 conf 150g | 14,60 €/kg","2,19","14,60",,,https://unesretailprod.blob.core.windows.net/retail/FRESCHI/SALUMI%20/%20LATTICINI/79183/7D1A21A7-00CE-4988-863E-D6FC84BB3985_1_MEDIUM.Jpg
Stracchino 100 G U! Confronta e Risparmia,,https://www.spesaonline.unes.it/p/64474,"1 conf 100g | 12,90 €/kg","1,29","12,90",,,https://unesretailprod.blob.core.windows.net/retail/FRESCHI/SALUMI%20/%20LATTICINI/64474/3636C637-C4B0-437F-94B2-738273EC8016_1_MEDIUM.Jpg
Stracchino U! Confronta e Risparmia,,https://www.spesaonline.unes.it/p/64472,"1 conf 165g | 11,45 €/kg","1,89","11,45",,,https://unesretailprod.blob.core.windows.net/retail/FRESCHI/SALUMI%20/%20LATTICINI/64472/ADB7D9F4-C497-496E-95C0-2F6C38FCA2EE_1_MEDIUM.Jpg
Stracchino Light U! Confronta e Risparmia,,https://www.spesaonline.unes.it/p/64469,"1 conf 165g | 10,84 €/kg","1,79","10,84",,,https://unesretailprod.blob.core.windows.net/retail/FRESCHI/SALUMI%20/%20LATTICINI/64469/48C8FB0C-1653-4FD9-B7EA-82A544199F56_1_MEDIUM.Jpg
Feta DOP U! Confronta e Risparmia,,https://www.spesaonline.unes.it/p/61003,"1 conf 200g | 15,95 €/kg","3,19","15,95",,,https://unesretailprod.blob.core.windows.net/retail/FRESCHI/SALUMI%20/%20LATTICINI/61003/866B7C39-27A7-4FAF-9663-5BFED650E9E1_1_MEDIUM.Jpg
Brie U! Confronta e Risparmia,,https://www.spesaonline.unes.it/p/58403,"1 conf 200g | 11,45 €/kg","2,29","11,45",,,https://unesretailprod.blob.core.windows.net/retail/FRESCHI/SALUMI%20/%20LATTICINI/58403/D55ACFDA-9CDB-4F0D-8D28-84D94B4FFEA7_1_MEDIUM.Jpg
2 RICOTTINE LIGHT A TASSO RIDOTTO DI GRASSI U! Confronta & Risparmia,,https://www.spesaonline.unes.it/p/57834,"1 conf 200g | 6,45 €/kg","1,29","6,45",,,https://unesretailprod.blob.core.windows.net/retail/FRESCHI/SALUMI%20/%20LATTICINI/57834/D09B27E9-1AF2-4236-A7AC-77171C03B5F7_1_MEDIUM.Jpg
Taleggio DOP U! Confronta e Risparmia,,https://www.spesaonline.unes.it/p/49406,"1 conf 230g | 11,69 €/kg","2,69","11,69",,,https://unesretailprod.blob.core.windows.net/retail/FRESCHI/SALUMI%20/%20LATTICINI/49406/9189DB88-8D81-4342-9643-8C97D4775359_1_MEDIUM.Jpg
Quartirolo Lombardo DOP U! Confronta e Risparmia,,https://www.spesaonline.unes.it/p/49405,"1 conf 250g | 10,36 €/kg","2,59","10,36",,,https://unesretailprod.blob.core.windows.net/retail/FRESCHI/SALUMI%20/%20LATTICINI/49405/F101A3B0-7AC2-472F-85BD-48BC02069B49_1_MEDIUM.Jpg
Ricotta U! Confronta & Risparmia,,https://www.spesaonline.unes.it/p/44844,"1 conf 250g | 4,36 €/kg","0,79","4,36",€0.30,10/12,https://unesretailprod.blob.core.windows.net/retail/FRESCHI/SALUMI%20/%20LATTICINI/44844/619A200F-2F5A-463C-8F0D-63744C22593B_1_MEDIUM.Jpg
Scamorza Affumicata,300 g,https://www.spesaonline.unes.it/p/39618,"1 conf 300g | 10,63 €/kg","3,19","10,63",,,https://unesretailprod.blob.core.windows.net/retail/FRESCHI/SALUMI%20/%20LATTICINI/39618/DB979F34-EFA4-4EC0-8E55-35C8EBF153D8_1_MEDIUM.Jpg
Scamorza Dolce,300 g,https://www.spesaonline.unes.it/p/39616,"1 conf 300g | 10,63 €/kg","3,19","10,63",,,https://unesretailprod.blob.core.windows.net/retail/FRESCHI/SALUMI%20/%20LATTICINI/39616/043D1A41-DD6E-4BF7-8AFE-4DFEBA3C05CC_1_MEDIUM.Jpg
Gorgonzola DOP Dolce U! Confronta e Risparmia,,https://www.spesaonline.unes.it/p/39235,"1 conf 150g | 13,26 €/kg","1,99","13,26",,,https://unesretailprod.blob.core.windows.net/retail/FRESCHI/SALUMI%20/%20LATTICINI/39235/88493CF3-00FD-45B3-971A-A1A00FA105F9_1_MEDIUM.Jpg
Torta di Gorgonzola DOP e mascarpone U! Confronta & Risparmia,,https://www.spesaonline.unes.it/p/39234,"1 conf 150g | 15,93 €/kg","2,39","15,93",,,https://unesretailprod.blob.core.windows.net/retail/FRESCHI/SALUMI%20/%20LATTICINI/39234/D07E4C43-75FB-4330-8D12-DD376244B3B3_1_MEDIUM.Jpg
Primosale U! Confronta e Risparmia,,https://www.spesaonline.unes.it/p/1968,"1 conf 140g | 12,78 €/kg","1,79","12,78",,,https://unesretailprod.blob.core.windows.net/retail/FRESCHI/SALUMI%20/%20LATTICINI/1968/391CEF90-9532-48B7-A89A-219A409F5206_1_MEDIUM.Jpg
6 Fettine Senza Lattosio U! Confronta e Risparmia,,https://www.spesaonline.unes.it/p/87738,"1 conf 150g | 9,93 €/kg","1,49","9,93",,,https://unesretailprod.blob.core.windows.net/retail/FRESCHI/SALUMI%20/%20LATTICINI/87738/A7038531-80D0-4413-AE4D-21F77290C602_1_MEDIUM.Jpg
8 Fettine Light U! Confronta e Risparmia,,https://www.spesaonline.unes.it/p/73678,"1 conf 200g | 7,45 €/kg","1,49","7,45",,,https://unesretailprod.blob.core.windows.net/retail/FRESCHI/SALUMI%20/%20LATTICINI/73678/31836A4D-0B8F-4DDD-95AB-25E0537C8CCE_1_MEDIUM.Jpg
16 Fettine Formaggio Fuso U! Confronta e Risparmia,,https://www.spesaonline.unes.it/p/67652,"1 conf 400g | 6,72 €/kg","2,69","6,72",,,https://unesretailprod.blob.core.windows.net/retail/FRESCHI/SALUMI%20/%20LATTICINI/67652/5393F831-EAB9-4940-97E9-DC626A9ED656_1_MEDIUM.Jpg
8 Fettine Formaggio Fuso U! Confronta e Risparmia,,https://www.spesaonline.unes.it/p/67651,"1 conf 200g | 7,95 €/kg","1,59","7,95",,,https://unesretailprod.blob.core.windows.net/retail/FRESCHI/SALUMI%20/%20LATTICINI/67651/74F417DD-A020-4166-962C-FD27C4970CD5_1_MEDIUM.Jpg
Scamorza a Fette,150 g,https://www.spesaonline.unes.it/p/89915,"1 conf 150g | 13,26 €/kg","1,99","13,26",,,https://unesretailprod.blob.core.windows.net/retail/FRESCHI/SALUMI%20/%20LATTICINI/89915/D60D1462-35DD-4373-8F0B-85835BB0EF6E_1_MEDIUM.Jpg
Scamorza Affumicata a Fette,150 g,https://www.spesaonline.unes.it/p/89914,"1 conf 150g | 13,26 €/kg","1,99","13,26",,,https://unesretailprod.blob.core.windows.net/retail/FRESCHI/SALUMI%20/%20LATTICINI/89914/8017E599-9889-495B-BAA1-6FE8D15E1E68_1_MEDIUM.Jpg
Mozzarella a Fette Senza Lattosio U! Confronta e Risparmia,,https://www.spesaonline.unes.it/p/89913,"1 conf 120g | 18,25 €/kg","2,19","18,25",,,https://unesretailprod.blob.core.windows.net/retail/FRESCHI/SALUMI%20/%20LATTICINI/89913/DD6A18D7-FF00-4DBB-B6AA-672E613A9AD8_1_MEDIUM.Jpg
Mozzarella a Fette,150 g,https://www.spesaonline.unes.it/p/89912,"1 conf 150g | 13,93 €/kg","2,09","13,93",,,https://unesretailprod.blob.core.windows.net/retail/FRESCHI/SALUMI%20/%20LATTICINI/89912/EF7C50E5-EE60-4FC3-B608-ACE2028F03A4_1_MEDIUM.Jpg
Fontal a Fette U! Confronta e Risparmia,,https://www.spesaonline.unes.it/p/89911,"1 conf 150g | 13,26 €/kg","1,99","13,26",,,https://unesretailprod.blob.core.windows.net/retail/FRESCHI/SALUMI%20/%20LATTICINI/89911/B3E0B39F-C725-40C9-8634-CBD61E61386F_1_MEDIUM.Jpg
Edamer a Fette U! Confronta e Risparmia,,https://www.spesaonline.unes.it/p/89910,"1 conf 150g | 13,93 €/kg","2,09","13,93",,,https://unesretailprod.blob.core.windows.net/retail/FRESCHI/SALUMI%20/%20LATTICINI/89910/B3BF474A-1B37-4041-B08B-70D43054A06D_1_MEDIUM.Jpg
Maasdammer U! Confronta e Risparmia,,https://www.spesaonline.unes.it/p/59075,"1 conf 250g | 11,56 €/kg","2,89","11,56",,,https://unesretailprod.blob.core.windows.net/retail/FRESCHI/SALUMI%20/%20LATTICINI/59075/07DD2705-1A76-489F-9A1A-C1E93DF510A1_1_MEDIUM.Jpg
Edamer U! Confronta e Risparmia,,https://www.spesaonline.unes.it/p/54974,"1 conf 250g | 11,56 €/kg","2,89","11,56",,,https://unesretailprod.blob.core.windows.net/retail/FRESCHI/SALUMI%20/%20LATTICINI/54974/021C5542-C27C-4A41-9C0C-33781A68273F_1_MEDIUM.Jpg
Emmentaler DOP U! Confronta e Risparmia,,https://www.spesaonline.unes.it/p/53223,"1 conf 200g | 21,45 €/kg","4,29","21,45",,,https://unesretailprod.blob.core.windows.net/retail/FRESCHI/SALUMI%20/%20LATTICINI/53223/4BFD910F-97A6-4C2D-BEC6-43425B9149BB_1_MEDIUM.Jpg
Formaggio Fresco da Taglio U! Confronta e Risparmia,,https://www.spesaonline.unes.it/p/50185,"1 conf 250g | 11,00 €/kg","2,75","11,00",,,https://unesretailprod.blob.core.windows.net/retail/FRESCHI/SALUMI%20/%20LATTICINI/50185/13B56E2E-7CFF-4ABE-A7B1-8A8A0D95D948_1_MEDIUM.Jpg
Emmental Bavarese U! Confronta e Risparmia,,https://www.spesaonline.unes.it/p/44468,"1 conf 250g | 11,56 €/kg","2,89","11,56",,,https://unesretailprod.blob.core.windows.net/retail/FRESCHI/SALUMI%20/%20LATTICINI/44468/A1775A16-E20B-4AE0-97F4-33CEC9F45320_1_MEDIUM.Jpg
Asiago DOP U! Confronta e Risparmia,,https://www.spesaonline.unes.it/p/40328,"1 conf 250g | 13,16 €/kg","3,29","13,16",,,https://unesretailprod.blob.core.windows.net/retail/FRESCHI/SALUMI%20/%20LATTICINI/40328/1FA2A122-ED9B-49D8-A801-25858FBC9178_1_MEDIUM.Jpg
Fontal U! Confronta e Risparmia,,https://www.spesaonline.unes.it/p/185002,"1 conf 250g | 11,16 €/kg","2,79","11,16",,,https://unesretailprod.blob.core.windows.net/retail/FRESCHI/SALUMI%20/%20LATTICINI/185002/248E0AD8-6371-4C6E-8EBC-9CAE65A6976C_1_MEDIUM.Jpg
Prosciutto Cotto Alta Qualità U! Confronta e Risparmia,,https://www.spesaonline.unes.it/p/98124,"1 conf 60g | 23,16 €/kg","1,39","23,16",,,https://unesretailprod.blob.core.windows.net/retail/FRESCHI/SALUMI%20/%20LATTICINI/98124/9E6658A6-7138-4BB6-9B69-F757129583DF_1_MEDIUM.Jpg
Prosciutto Cotto Arrosto U! Confronta e Risparmia,,https://www.spesaonline.unes.it/p/98122,"1 conf 100g | 22,90 €/kg","2,29","22,90",,,https://unesretailprod.blob.core.windows.net/retail/FRESCHI/SALUMI%20/%20LATTICINI/98122/0FC66F9C-BF58-4FEB-88BD-73B8133FB8D9_1_MEDIUM.Jpg
Prosciutto Cotto Alta Qualità a Basso Contenuto di Grassi U! Confronta e Risparmia,,https://www.spesaonline.unes.it/p/98115,"1 conf 120g | 18,25 €/kg","2,19","18,25",,,https://unesretailprod.blob.core.windows.net/retail/FRESCHI/SALUMI%20/%20LATTICINI/98115/76DEC0CA-ACF5-4BC2-A346-7242FAF12C72_1_MEDIUM.Jpg
Porchetta U! Confronta e Risparmia,,https://www.spesaonline.unes.it/p/98012,"1 conf 100g | 27,90 €/kg","2,79","27,90",,,https://unesretailprod.blob.core.windows.net/retail/FRESCHI/SALUMI%20/%20LATTICINI/98012/9C8D8673-7B50-4F2F-90B2-05598B3D526C_1_MEDIUM.Jpg
Prosciutto Cotto Alta Qualità Praga U! Confronta e Risparmia,,https://www.spesaonline.unes.it/p/86070,"1 conf 120g | 24,91 €/kg","2,99","24,91",,,https://unesretailprod.blob.core.windows.net/retail/FRESCHI/SALUMI%20/%20LATTICINI/86070/A41E9172-EF61-43BB-B62E-10A13D161DC6_1_MEDIUM.Jpg
Prosciutto Cotto Arrosto U! Confronta e Risparmia,,https://www.spesaonline.unes.it/p/53890,"1 conf 100g | 25,90 €/kg","2,59","25,90",,,https://unesretailprod.blob.core.windows.net/retail/FRESCHI/SALUMI%20/%20LATTICINI/53890/7A923E24-BBAB-4F3A-B3F0-C0086E587EFA_1_MEDIUM.Jpg
Prosciutto Crudo Stagionato U! Confronta e Risparmia,,https://www.spesaonline.unes.it/p/98116,"1 conf 100g | 29,90 €/kg","2,39","29,90",€0.60,10/12,https://unesretailprod.blob.core.windows.net/retail/FRESCHI/SALUMI%20/%20LATTICINI/98116/9B16CF95-80D3-4D91-A696-E10378879A05_1_MEDIUM.Jpg
Prosciutto Crudo Stagionato Light U! Confronta e Risparmia,,https://www.spesaonline.unes.it/p/98006,"1 conf 80g | 33,62 €/kg","2,69","33,62",,,https://unesretailprod.blob.core.windows.net/retail/FRESCHI/SALUMI%20/%20LATTICINI/98006/0F691AE1-D9E9-4921-8C7F-7BD9A0B11EAB_1_MEDIUM.Jpg
Salame Milano U! Confronta e Risparmia,,https://www.spesaonline.unes.it/p/98127,"1 conf 50g | 25,80 €/kg","1,29","25,80",,,https://unesretailprod.blob.core.windows.net/retail/FRESCHI/SALUMI%20/%20LATTICINI/98127/8A995EC4-96ED-4A1C-8845-0579BAEF22D8_1_MEDIUM.Jpg
Salame Ungherese U! Confronta e Risparmia,,https://www.spesaonline.unes.it/p/44682,"1 conf 100g | 23,90 €/kg","2,39","23,90",,,https://unesretailprod.blob.core.windows.net/retail/FRESCHI/SALUMI%20/%20LATTICINI/44682/1346A7B4-A876-426C-9079-2E205FDBACF5_1_MEDIUM.Jpg
Salame Tipo Milano U! Confronta e Risparmia,,https://www.spesaonline.unes.it/p/44680,"1 conf 100g | 23,90 €/kg","2,39","23,90",,,https://unesretailprod.blob.core.windows.net/retail/FRESCHI/SALUMI%20/%20LATTICINI/44680/7211EA2E-F6CC-4007-AB94-6D71EFD823C9_1_MEDIUM.Jpg
Bresaola della Valtellina IGP Punta d'Anca U! Confronta e Risparmia,,https://www.spesaonline.unes.it/p/202031,"1 conf 100g | 42,90 €/kg","4,29","42,90",,,https://unesretailprod.blob.core.windows.net/retail/FRESCHI/SALUMI%20/%20LATTICINI/202031/28BCF9C4-672D-46FB-9575-A148B6AC1837_1_MEDIUM.Jpg
Bresaola Punta d'Anca U! Confronta e Risparmia,,https://www.spesaonline.unes.it/p/98347,"1 conf 50g | 43,80 €/kg","2,19","43,80",,,https://unesretailprod.blob.core.windows.net/retail/FRESCHI/SALUMI%20/%20LATTICINI/98347/6A48FAAD-12A2-4312-99D9-25078F2F6CB5_1_MEDIUM.Jpg
Tacchino Arrosto U! Confronta e Risparmia,,https://www.spesaonline.unes.it/p/98125,"1 conf 60g | 21,50 €/kg","1,29","21,50",,,https://unesretailprod.blob.core.windows.net/retail/FRESCHI/SALUMI%20/%20LATTICINI/98125/B836A707-CDAD-4A45-978B-8DA1344DF52F_1_MEDIUM.Jpg
Tacchino Arrosto U! Confronta e Risparmia,,https://www.spesaonline.unes.it/p/98119,"1 conf 100g | 25,90 €/kg","2,59","25,90",,,https://unesretailprod.blob.core.windows.net/retail/FRESCHI/SALUMI%20/%20LATTICINI/98119/7AB43D05-D345-459C-B4E8-066745B61023_1_MEDIUM.Jpg
Arrosto di Pollo alle Erbe a Basso Contenuto di Grassi U! Confronta e Risparmia,,https://www.spesaonline.unes.it/p/98008,"1 conf 120g | 20,75 €/kg","1,99","20,75",€0.50,10/12,https://unesretailprod.blob.core.windows.net/retail/FRESCHI/SALUMI%20/%20LATTICINI/98008/F60AAEB7-FF18-4054-8AC7-9E03FA1996C6_1_MEDIUM.Jpg
Arrosto di Pollo U! Confronta e Risparmia,,https://www.spesaonline.unes.it/p/83625,"1 conf 100g | 20,90 €/kg","2,09","20,90",,,https://unesretailprod.blob.core.windows.net/retail/FRESCHI/SALUMI%20/%20LATTICINI/83625/5CE18DB8-DD49-472B-8152-7C40C520D336_1_MEDIUM.Jpg
Spianata Piccante e Scamorza Affumicata U! Confronta e Risparmia,,https://www.spesaonline.unes.it/p/20865,"1 conf 120g | 34,08 €/kg","4,09","34,08",,,https://unesretailprod.blob.core.windows.net/retail/FRESCHI/SALUMI%20/%20LATTICINI/20865/46BCA20E-32D7-4260-AA7B-A1BB0E6496AA_1_MEDIUM.Jpg
Crudo e Scamorza U! Confronta e Risparmia,,https://www.spesaonline.unes.it/p/20864,"1 conf 120g | 34,08 €/kg","4,09","34,08",,,https://unesretailprod.blob.core.windows.net/retail/FRESCHI/SALUMI%20/%20LATTICINI/20864/1B85A5C5-F455-4963-80BE-101E3DD9B5BD_1_MEDIUM.Jpg
Speck e Brie U! Confronta e Risparmia,,https://www.spesaonline.unes.it/p/20862,"1 conf 120g | 34,08 €/kg","4,09","34,08",,,https://unesretailprod.blob.core.windows.net/retail/FRESCHI/SALUMI%20/%20LATTICINI/20862/2AC081D3-E503-4683-90A2-9EBC1A222110_1_MEDIUM.Jpg
Mortadella U! Confronta e Risparmia,,https://www.spesaonline.unes.it/p/98126,"1 conf 70g | 18,42 €/kg","1,29","18,42",,,https://unesretailprod.blob.core.windows.net/retail/FRESCHI/SALUMI%20/%20LATTICINI/98126/3ABF59C2-AF06-4D18-826F-4CAF59C431D8_1_MEDIUM.Jpg
Bacon U! Confronta e Risparmia,,https://www.spesaonline.unes.it/p/98121,"1 conf 100g | 22,90 €/kg","2,29","22,90",,,https://unesretailprod.blob.core.windows.net/retail/FRESCHI/SALUMI%20/%20LATTICINI/98121/E9F22CF4-E9DF-4313-A7B9-7E51E6936D36_1_MEDIUM.Jpg
Speck U! Confronta e Risparmia,,https://www.spesaonline.unes.it/p/98120,"1 conf 100g | 29,90 €/kg","2,99","29,90",,,https://unesretailprod.blob.core.windows.net/retail/FRESCHI/SALUMI%20/%20LATTICINI/98120/770249BE-CDED-4171-8145-B6C7A7E59A2E_1_MEDIUM.Jpg
Mortadella con Pistacchio U! Confronta e Risparmia,,https://www.spesaonline.unes.it/p/98118,"1 conf 100g | 19,90 €/kg","1,99","19,90",,,https://unesretailprod.blob.core.windows.net/retail/FRESCHI/SALUMI%20/%20LATTICINI/98118/F4D0C9E9-4DAE-4635-9426-9503F8D12884_1_MEDIUM.Jpg
Coppa U! Confronta e Risparmia,,https://www.spesaonline.unes.it/p/98010,"1 conf 50g | 31,80 €/kg","1,59","31,80",,,https://unesretailprod.blob.core.windows.net/retail/FRESCHI/SALUMI%20/%20LATTICINI/98010/BE058229-EAB4-47EC-B136-2B9EB8EDDC99_1_MEDIUM.Jpg
Pancetta U! Confronta e Risparmia,,https://www.spesaonline.unes.it/p/44683,"1 conf 100g | 24,90 €/kg","2,49","24,90",,,https://unesretailprod.blob.core.windows.net/retail/FRESCHI/SALUMI%20/%20LATTICINI/44683/A592FAC7-6CA9-4B49-820C-180B1FF6012E_1_MEDIUM.Jpg
Coppa U! Confronta e Risparmia,,https://www.spesaonline.unes.it/p/44681,"1 conf 100g | 31,90 €/kg","3,19","31,90",,,https://unesretailprod.blob.core.windows.net/retail/FRESCHI/SALUMI%20/%20LATTICINI/44681/B51F1059-44B4-4F41-9ACB-33FBFE7D911A_1_MEDIUM.Jpg
Prosciutto Cotto a Cubetti U! Confronta e Risparmia,,https://www.spesaonline.unes.it/p/84552,"1 conf 160g | 15,56 €/kg","2,49","15,56",,,https://unesretailprod.blob.core.windows.net/retail/FRESCHI/SALUMI%20/%20LATTICINI/84552/2C8218D8-35E0-4F66-B82F-5B12423245E9_1_MEDIUM.Jpg
Würstel Pollo e Tacchino U! Confronta e Risparmia,,https://www.spesaonline.unes.it/p/206418,"1 conf 100g | 5,90 €/kg","0,59","5,90",,,https://unesretailprod.blob.core.windows.net/retail/FRESCHI/SALUMI%20/%20LATTICINI/206418/B488A860-BAD2-4938-ABDD-26A628E4155D_1_MEDIUM.Jpg
Würstel Suino U! Confronta e Risparmia,,https://www.spesaonline.unes.it/p/206415,"1 conf 250g | 6,36 €/kg","1,59","6,36",,,https://unesretailprod.blob.core.windows.net/retail/FRESCHI/SALUMI%20/%20LATTICINI/206415/ACB88472-DA2D-45D0-9EB3-4704DC896676_1_MEDIUM.Jpg
Würstel Suino U! Confronta e Risparmia,,https://www.spesaonline.unes.it/p/206414,"1 conf 100g | 7,90 €/kg","0,79","7,90",,,https://unesretailprod.blob.core.windows.net/retail/FRESCHI/SALUMI%20/%20LATTICINI/206414/3E76862D-F89A-467D-9E15-6301133F95A4_1_MEDIUM.Jpg
Würstel Pollo e Tacchino U! Confronta e Risparmia,,https://www.spesaonline.unes.it/p/10389,"1 conf 250g | 6,36 €/kg","1,59","6,36",,,https://unesretailprod.blob.core.windows.net/retail/FRESCHI/SALUMI%20/%20LATTICINI/10389/F55CE13B-D6DA-4CC8-B2C9-08823E1076FF_1_MEDIUM.Jpg
Gnocchi di Patate U! Confronta e Risparmia,,https://www.spesaonline.unes.it/p/91402,"1 conf 500g | 2,78 €/kg","1,39","2,78",,,https://unesretailprod.blob.core.windows.net/retail/FRESCHI/SALUMI%20/%20LATTICINI/91402/720A4224-8159-4BF2-A9C5-1529BD12F4EC_1_MEDIUM.Jpg
Chicche di Patate U! Confronta e Risparmia,,https://www.spesaonline.unes.it/p/91401,"1 conf 500g | 2,78 €/kg","1,39","2,78",,,https://unesretailprod.blob.core.windows.net/retail/FRESCHI/SALUMI%20/%20LATTICINI/91401/879FE8A3-6CE3-4EF0-A8B0-EB8CE304859B_1_MEDIUM.Jpg
Gnocchi con Ripieno allo Speck U! Confronta e Risparmia,,https://www.spesaonline.unes.it/p/77349,"1 conf 350g | 6,82 €/kg","2,39","6,82",,,https://unesretailprod.blob.core.windows.net/retail/FRESCHI/SALUMI%20/%20LATTICINI/77349/534ACD38-11F5-4535-86D8-ED29AAB12F4E_1_MEDIUM.Jpg
Gnocchi con Ripieno al Pomodoro e Mozzarella U! Confronta e Risparmia,,https://www.spesaonline.unes.it/p/77348,"1 conf 350g | 6,82 €/kg","2,39","6,82",,,https://unesretailprod.blob.core.windows.net/retail/FRESCHI/SALUMI%20/%20LATTICINI/77348/01EBC653-7CA5-447C-A5D8-F07FE181542C_1_MEDIUM.Jpg
Gnocchi alla Romana U! Confronta e Risparmia,,https://www.spesaonline.unes.it/p/73604,"1 conf 500g | 4,38 €/kg","2,19","4,38",,,https://unesretailprod.blob.core.windows.net/retail/FRESCHI/SALUMI%20/%20LATTICINI/73604/4F2AE741-1E3A-4AF3-94F1-3925EB3F7FBA_1_MEDIUM.Jpg
Quadrucci alla Carne U! Confronta e Risparmia,,https://www.spesaonline.unes.it/p/98624,"1 conf 250g | 6,36 €/kg","1,59","6,36",,,https://unesretailprod.blob.core.windows.net/retail/FRESCHI/SALUMI%20/%20LATTICINI/98624/92C37DD7-76FB-4E1D-AB3F-9202016262EC_1_MEDIUM.Jpg
Girasoli ai Funghi U! Confronta e Risparmia,,https://www.spesaonline.unes.it/p/97991,"1 conf 250g | 6,36 €/kg","1,59","6,36",,,https://unesretailprod.blob.core.windows.net/retail/FRESCHI/SALUMI%20/%20LATTICINI/97991/47F698A0-3E46-4B39-A26B-D71A50D10132_1_MEDIUM.Jpg
Tortelli Ricotta e Spinaci U! Confronta e Risparmia,,https://www.spesaonline.unes.it/p/97990,"1 conf 250g | 6,36 €/kg","1,59","6,36",,,https://unesretailprod.blob.core.windows.net/retail/FRESCHI/SALUMI%20/%20LATTICINI/97990/001026EF-9354-48CB-A049-855994D4C775_1_MEDIUM.Jpg
Tortellini con Prosciutto Crudo U! Confronta e Risparmia,,https://www.spesaonline.unes.it/p/97989,"1 conf 250g | 6,36 €/kg","1,59","6,36",,,https://unesretailprod.blob.core.windows.net/retail/FRESCHI/SALUMI%20/%20LATTICINI/97989/F9D0A95E-9CF5-4A80-BFED-894F9136DA8D_1_MEDIUM.Jpg
Tortellini alla Carne U! Confronta e Risparmia,,https://www.spesaonline.unes.it/p/97988,"1 conf 250g | 6,36 €/kg","1,59","6,36",,,https://unesretailprod.blob.core.windows.net/retail/FRESCHI/SALUMI%20/%20LATTICINI/97988/2C9E82F6-A98E-4446-BDFE-72469D81FEB3_1_MEDIUM.Jpg
Tagliolini U! Confronta e Risparmia,,https://www.spesaonline.unes.it/p/97987,"1 conf 250g | 5,16 €/kg","1,29","5,16",,,https://unesretailprod.blob.core.windows.net/retail/FRESCHI/SALUMI%20/%20LATTICINI/97987/CF8C6C9A-31ED-41C1-8C1F-8406D62A8BA9_1_MEDIUM.Jpg
Tagliatelle U! Confronta e Risparmia,,https://www.spesaonline.unes.it/p/97986,"1 conf 250g | 5,16 €/kg","1,29","5,16",,,https://unesretailprod.blob.core.windows.net/retail/FRESCHI/SALUMI%20/%20LATTICINI/97986/068F23EC-B5B8-4CA0-AC94-B49C0DCC958C_1_MEDIUM.Jpg
Lasagne Sfoglia Sottile U! Confronta e Risparmia,,https://www.spesaonline.unes.it/p/97985,"1 conf 250g | 6,36 €/kg","1,59","6,36",,,https://unesretailprod.blob.core.windows.net/retail/FRESCHI/SALUMI%20/%20LATTICINI/97985/C6860003-ECAD-42E6-BAAB-187415E638F5_1_MEDIUM.Jpg
Lasagne Sfoglia Classica U! Confronta e Risparmia,,https://www.spesaonline.unes.it/p/97984,"1 conf 250g | 6,36 €/kg","1,59","6,36",,,https://unesretailprod.blob.core.windows.net/retail/FRESCHI/SALUMI%20/%20LATTICINI/97984/408D8DE5-2B20-407E-998D-3F2C675C0203_1_MEDIUM.Jpg
Fusilli Pasta Fresca di Semola di Grano Duro U! Confronta e Risparmia - 500 g,,https://www.spesaonline.unes.it/p/79328,"1 conf 500g | 2,98 €/kg","1,49","2,98",,,https://unesretailprod.blob.core.windows.net/retail/FRESCHI/SALUMI%20/%20LATTICINI/79328/C9AA73FA-70DD-453B-AC89-0E59816864CF_1_MEDIUM.Jpg
Cavatelli Pasta Fresca di Semola di Grano Duro U! Confronta e Risparmia - 500 g,,https://www.spesaonline.unes.it/p/79326,"1 conf 500g | 2,98 €/kg","1,49","2,98",,,https://unesretailprod.blob.core.windows.net/retail/FRESCHI/SALUMI%20/%20LATTICINI/79326/8ECF6905-2028-447D-883E-F85335EB0561_1_MEDIUM.Jpg
Orecchiette U! Confronta e Risparmia,,https://www.spesaonline.unes.it/p/192004,"1 conf 500g | 2,98 €/kg","1,49","2,98",,,https://unesretailprod.blob.core.windows.net/retail/FRESCHI/SALUMI%20/%20LATTICINI/192004/DAEC2777-8563-42DF-BB2B-8191B69FA92A_1_MEDIUM.Jpg
Trofie U! Confronta e Risparmia,,https://www.spesaonline.unes.it/p/192003,"1 conf 500g | 2,98 €/kg","1,49","2,98",,,https://unesretailprod.blob.core.windows.net/retail/FRESCHI/SALUMI%20/%20LATTICINI/192003/D97DA717-5AC5-4322-A925-8A0711BC66DC_1_MEDIUM.Jpg
Strozzapreti U! Confronta e Risparmia,,https://www.spesaonline.unes.it/p/192001,"1 conf 500g | 2,98 €/kg","1,49","2,98",,,https://unesretailprod.blob.core.windows.net/retail/FRESCHI/SALUMI%20/%20LATTICINI/192001/A4092BE6-F8B4-4358-98B7-C03F4CAFCAAE_1_MEDIUM.Jpg
Troccoli U! Confronta e Risparmia,,https://www.spesaonline.unes.it/p/12669,"1 conf 250g | 4,76 €/kg","1,19","4,76",,,https://unesretailprod.blob.core.windows.net/retail/FRESCHI/SALUMI%20/%20LATTICINI/12669/E5E11D52-8CE5-4A88-99FB-A8E2F1F92985_1_MEDIUM.Jpg
Pasta Frolla U! Confronta e Risparmia,,https://www.spesaonline.unes.it/p/80731,"1 conf 230g | 6,04 €/kg","1,39","6,04",,,https://unesretailprod.blob.core.windows.net/retail/FRESCHI/SALUMI%20/%20LATTICINI/80731/B00825B2-F806-4825-AF06-95B12ABE9647_1_MEDIUM.Jpg
Pasta Sfoglia Rotonda con farina Integrale U! Confronta e Risparmia,,https://www.spesaonline.unes.it/p/80730,"1 conf 240g | 6,62 €/kg","1,59","6,62",,,https://unesretailprod.blob.core.windows.net/retail/FRESCHI/SALUMI%20/%20LATTICINI/80730/C71F7446-5EEE-443C-A8B8-C63037DF437C_1_MEDIUM.Jpg
Pasta per Focaccia Rotonda U! Confronta e Risparmia,,https://www.spesaonline.unes.it/p/58343,"1 conf 385g | 4,90 €/kg","1,89","4,90",,,https://unesretailprod.blob.core.windows.net/retail/FRESCHI/SALUMI%20/%20LATTICINI/58343/BC78D7D3-F32D-406E-88F8-4531A6D9C423_1_MEDIUM.Jpg
Pasta Sfoglia Rettangolare U! Confronta e Risparmia,,https://www.spesaonline.unes.it/p/44485,"1 conf 230g | 6,04 €/kg","1,39","6,04",,,https://unesretailprod.blob.core.windows.net/retail/FRESCHI/SALUMI%20/%20LATTICINI/44485/1779F426-0E14-42C1-99FA-5130ADF3936A_1_MEDIUM.Jpg
Pasta Sfoglia U! Confronta e Risparmia,,https://www.spesaonline.unes.it/p/11866,"1 conf 230g | 6,47 €/kg","1,49","6,47",,,https://unesretailprod.blob.core.windows.net/retail/FRESCHI/SALUMI%20/%20LATTICINI/11866/45BFDAEC-7171-444D-9873-C6483F15840B_1_MEDIUM.Jpg
Pasta Brisèe Rotonda U! Confronta e Risparmia,,https://www.spesaonline.unes.it/p/11865,"1 conf 230g | 6,47 €/kg","1,49","6,47",,,https://unesretailprod.blob.core.windows.net/retail/FRESCHI/SALUMI%20/%20LATTICINI/11865/406D673B-3FC7-481F-BA33-AD1BEDC87072_1_MEDIUM.Jpg
Pasta per Pizza U! Confronta e Risparmia,,https://www.spesaonline.unes.it/p/11863,"1 conf 400g | 4,37 €/kg","1,75","4,37",,,https://unesretailprod.blob.core.windows.net/retail/FRESCHI/SALUMI%20/%20LATTICINI/11863/8035FFC2-026D-4B7A-B858-3AE9774B3AAA_1_MEDIUM.Jpg
Tramezzini con Salmone U! Confronta e Risparmia,,https://www.spesaonline.unes.it/p/76948,"1 conf 100g | 15,90 €/kg","1,59","15,90",,,https://unesretailprod.blob.core.windows.net/retail/FRESCHI/SALUMI%20/%20LATTICINI/76948/E3795E12-4B7E-4F23-82AF-44559B7194E8_1_MEDIUM.Jpg
Tramezzini con Pollo Arrosto U! Confronta e Risparmia,,https://www.spesaonline.unes.it/p/53230,"1 conf 100g | 15,90 €/kg","1,59","15,90",,,https://unesretailprod.blob.core.windows.net/retail/FRESCHI/SALUMI%20/%20LATTICINI/53230/8A63CDFD-0D35-433A-B7E2-FDED4508D85B_1_MEDIUM.Jpg
Tramezzini con Gamberi e Salsa Rosa U! Confronta e Risparmia,,https://www.spesaonline.unes.it/p/46937,"1 conf 100g | 15,90 €/kg","1,59","15,90",,,https://unesretailprod.blob.core.windows.net/retail/FRESCHI/SALUMI%20/%20LATTICINI/46937/6D3E1777-F60F-4BA9-8AB2-AA25FA8F0BFB_1_MEDIUM.Jpg
Tramezzini con Prosciutto Cotto U! Confronta e Risparmia,,https://www.spesaonline.unes.it/p/46932,"1 conf 100g | 15,90 €/kg","1,59","15,90",,,https://unesretailprod.blob.core.windows.net/retail/FRESCHI/SALUMI%20/%20LATTICINI/46932/6202A7F9-DC32-4679-943C-0FF2192F3FC5_1_MEDIUM.Jpg
Tramezzini con Tonno U! Confronta e Risparmia,,https://www.spesaonline.unes.it/p/46931,"1 conf 100g | 15,90 €/kg","1,59","15,90",,,https://unesretailprod.blob.core.windows.net/retail/FRESCHI/SALUMI%20/%20LATTICINI/46931/D277F64F-C364-45D5-B18B-2690CC92D8EB_1_MEDIUM.Jpg
Vitello Tonnato U! Confronta e Risparmia,,https://www.spesaonline.unes.it/p/81135,"1 conf 200g | 19,95 €/kg","3,99","19,95",,,https://unesretailprod.blob.core.windows.net/retail/FRESCHI/SALUMI%20/%20LATTICINI/81135/6271EB30-3A52-4850-B176-AAEEC530D390_1_MEDIUM.Jpg
Hamburger con Prosciutto Cotto e Mozzarella U! Confronta e Risparmia,,https://www.spesaonline.unes.it/p/55372,"1 conf 150g | 14,60 €/kg","2,19","14,60",,,https://unesretailprod.blob.core.windows.net/retail/FRESCHI/SALUMI%20/%20LATTICINI/55372/09827EE7-DF28-4DD7-B4AE-ACC23FE9B50C_1_MEDIUM.Jpg
Hamburger con Prosciutto Cotto U! Confronta e Risparmia,,https://www.spesaonline.unes.it/p/43743,"1 conf 150g | 14,60 €/kg","2,19","14,60",,,https://unesretailprod.blob.core.windows.net/retail/FRESCHI/SALUMI%20/%20LATTICINI/43743/35946A60-5CA3-4AFC-ABDE-01B04E98EACD_1_MEDIUM.Jpg
Salmone Norvegese a Fette Affumicato,50 g,https://www.spesaonline.unes.it/p/77985,"1 conf 50g | 59,80 €/kg","2,99","59,80",,,https://unesretailprod.blob.core.windows.net/retail/FRESCHI/SALUMI%20/%20LATTICINI/77985/9E0F40B3-0275-44C4-B5B2-42AABD243A3A_1_MEDIUM.Jpg
Gamberetti Boreali in Salamoia U! Confronta e Risparmia,,https://www.spesaonline.unes.it/p/49408,"1 conf 125g | 36,72 €/kg","4,59","36,72",,,https://unesretailprod.blob.core.windows.net/retail/FRESCHI/SALUMI%20/%20LATTICINI/49408/53574DFA-21DA-493A-9BF1-FB219711D38B_1_MEDIUM.Jpg
Salmone Norvegese Affumicato,100 g,https://www.spesaonline.unes.it/p/44219,"1 conf 100g | 58,90 €/kg","5,89","58,90",,,https://unesretailprod.blob.core.windows.net/retail/FRESCHI/SALUMI%20/%20LATTICINI/44219/A382D3DE-322F-4F64-AE4C-1D933C041686_1_MEDIUM.Jpg
Salmone Norvegese Affumicato U! Confronta e Risparmia,,https://www.spesaonline.unes.it/p/44218,"1 conf 200g | 48,95 €/kg","9,79","48,95",,,https://unesretailprod.blob.core.windows.net/retail/FRESCHI/SALUMI%20/%20LATTICINI/44218/B2884414-6D7D-4187-823A-6EBCC102EE6B_1_MEDIUM.Jpg
Busto di Pollo U! Confronta e Risparmia,,https://www.spesaonline.unes.it/p/94042,"700-800 g | 5,99 €/kg","4,79","5,99",,,https://unesretailprod.blob.core.windows.net/retail/FRESCHI/CARNE/94042/840DEFC6-5849-4A04-92C8-713909F54533_1_MEDIUM.Jpg
Quarto Posteriore di Pollo U! Confronta e Risparmia,,https://www.spesaonline.unes.it/p/94035,"700-800 g | 5,99 €/kg","4,79","5,99",,,https://unesretailprod.blob.core.windows.net/retail/FRESCHI/CARNE/94035/3B9DE46F-82FD-4093-A539-79081CA07927_1_MEDIUM.Jpg
Fusi di Pollo U! Confronta e Risparmia,,https://www.spesaonline.unes.it/p/94015,"700-800 g | 6,99 €/kg","5,59","6,99",,,https://unesretailprod.blob.core.windows.net/retail/FRESCHI/CARNE/94015/580176EB-C98F-4B96-8EFE-487C9A5EAA3A_1_MEDIUM.Jpg
Sovracosce di Pollo U! Confronta e Risparmia,,https://www.spesaonline.unes.it/p/94014,"700-800 g | 6,99 €/kg","5,59","6,99",,,https://unesretailprod.blob.core.windows.net/retail/FRESCHI/CARNE/94014/FA8621E0-056F-4F21-8085-A80376179C58_1_MEDIUM.Jpg
ALI DI POLLO STICK UNES,,https://www.spesaonline.unes.it/p/94013,"600-700 g | 4,99 €/kg","3,49","4,99",,,https://unesretailprod.blob.core.windows.net/retail/FRESCHI/CARNE/94013/35817167-83B5-4163-B7DB-FD53F5188EDC_U1_MEDIUM.Jpg
Petto di Pollo a Fette U! Confronta e Risparmia,,https://www.spesaonline.unes.it/p/94008,"300-400 g | 13,99 €/kg","5,60","13,99",,,https://unesretailprod.blob.core.windows.net/retail/FRESCHI/CARNE/94008/E17E7A45-A2EC-4150-80A7-91F839F93172_1_MEDIUM.Jpg
Petto di Pollo Intero U! Confronta e Risparmia,,https://www.spesaonline.unes.it/p/93998,"700-800 g | 11,99 €/kg","9,59","11,99",,,https://unesretailprod.blob.core.windows.net/retail/FRESCHI/CARNE/93998/9BEF32CF-2AFC-46D3-B163-5E768FAF5FFF_1_MEDIUM.Jpg
Sovracosce di Tacchino U! Confronta e Risparmia,,https://www.spesaonline.unes.it/p/94070,"700-800 g | 5,99 €/kg","4,79","5,99",,,https://unesretailprod.blob.core.windows.net/retail/FRESCHI/CARNE/94070/70B203CD-02C6-451B-9FDD-07F76C906F1E_1_MEDIUM.Jpg
Fusi di Tacchino U! Confronta e Risparmia,,https://www.spesaonline.unes.it/p/94059,"700-800 g | 5,99 €/kg","4,79","5,99",,,https://unesretailprod.blob.core.windows.net/retail/FRESCHI/CARNE/94059/B9DD9DDE-9052-410B-B8F0-8AA50F65C7A6_1_MEDIUM.Jpg
Fesa di Tacchino a Fette U! Confronta e Risparmia,,https://www.spesaonline.unes.it/p/94057,"300-400 g | 13,99 €/kg","5,60","13,99",,,https://unesretailprod.blob.core.windows.net/retail/FRESCHI/CARNE/94057/0929C61A-826B-4778-8C08-DE71DA097C3B_1_MEDIUM.Jpg
FESA TACCHINO TRANCIO UNES,,https://www.spesaonline.unes.it/p/94054,"600-700 g | 12,99 €/kg","9,09","12,99",,,https://unesretailprod.blob.core.windows.net/retail/FRESCHI/CARNE/94054/7AA987AF-BFAD-45C8-AE70-2A4DDE675081_U1_MEDIUM.Jpg
Lombo di Coniglio U! Confronta e Risparmia,,https://www.spesaonline.unes.it/p/94065,"300-400 g | 14,99 €/kg","6,00","14,99",,,https://unesretailprod.blob.core.windows.net/retail/FRESCHI/CARNE/94065/1EE4CBA1-7884-4546-A7EF-30F6D70E7C4F_1_MEDIUM.Jpg
COSCE CONIGLIO UNES,,https://www.spesaonline.unes.it/p/94064,"500-600 g | 15,99 €/kg","9,59","15,99",,,https://unesretailprod.blob.core.windows.net/retail/FRESCHI/CARNE/94064/303F14EC-EAA8-4913-AC6C-78B24795CD3B_U1_MEDIUM.Jpg
SPALLA CONIGLIO UNES,,https://www.spesaonline.unes.it/p/94063,"700-800 g | 13,99 €/kg","11,19","13,99",,,https://unesretailprod.blob.core.windows.net/retail/FRESCHI/CARNE/94063/18260D44-38B0-4DC6-9F97-24A74888018F_U1_MEDIUM.Jpg
Linguine n.13 U! Confronta e Risparmia,,https://www.spesaonline.unes.it/p/9301,"1 conf 500g | 1,30 €/kg","0,65","1,30",,,https://unesretailprod.blob.core.windows.net/retail/SECCHI/SCATOLAME/9301/37440D63-86CA-470C-990A-5C74F9056D0F_1_MEDIUM.Jpg
Spaghettini n.3 U! Confronta e Risparmia,,https://www.spesaonline.unes.it/p/9268,"1 conf 500g | 1,30 €/kg","0,65","1,30",,,https://unesretailprod.blob.core.windows.net/retail/SECCHI/SCATOLAME/9268/DE1B1C88-0C5D-45D7-A1AE-C9421AC2E973_1_MEDIUM.Jpg
Spaghetti n.5 U! Confronta e Risparmia,,https://www.spesaonline.unes.it/p/9267,"1 conf 500g | 1,30 €/kg","0,65","1,30",,,https://unesretailprod.blob.core.windows.net/retail/SECCHI/SCATOLAME/9267/FECCD85D-AADF-4A6C-B39D-4D2C87770AE9_1_MEDIUM.Jpg
Strozzapreti U! Confronta e Risparmia,,https://www.spesaonline.unes.it/p/24408,"1 conf 500g | 2,38 €/kg","1,19","2,38",,,https://unesretailprod.blob.core.windows.net/retail/SECCHI/SCATOLAME/24408/E9377494-1BE7-4C90-8031-5FA46D8A3CC6_1_MEDIUM.Jpg
Gnocchi n.85 U! Confronta e Risparmia,,https://www.spesaonline.unes.it/p/9305,"1 conf 500g | 1,30 €/kg","0,65","1,30",,,https://unesretailprod.blob.core.windows.net/retail/SECCHI/SCATOLAME/9305/E19611AA-5264-4AC4-BD47-A5F15F142B3C_1_MEDIUM.Jpg
Mista Corta n.54 U! Confronta e Risparmia,,https://www.spesaonline.unes.it/p/9275,"1 conf 500g | 1,30 €/kg","0,65","1,30",,,https://unesretailprod.blob.core.windows.net/retail/SECCHI/SCATOLAME/9275/C3E08235-7887-4930-BFC7-01940C5FF96E_1_MEDIUM.Jpg
Fusilli n.98 U! Confronta e Risparmia,,https://www.spesaonline.unes.it/p/9273,"1 conf 500g | 1,30 €/kg","0,65","1,30",,,https://unesretailprod.blob.core.windows.net/retail/SECCHI/SCATOLAME/9273/05F40A97-1252-4190-9C21-B826768C109E_1_MEDIUM.Jpg
Farfalle n.265 U! Confronta e Risparmia,,https://www.spesaonline.unes.it/p/9272,"1 conf 500g | 1,30 €/kg","0,65","1,30",,,https://unesretailprod.blob.core.windows.net/retail/SECCHI/SCATOLAME/9272/6F426D66-F090-4459-8ABE-1632CC5A54F2_1_MEDIUM.Jpg
Tortiglioni n.83 U! Confronta e Risparmia,,https://www.spesaonline.unes.it/p/9269,"1 conf 500g | 1,30 €/kg","0,65","1,30",,,https://unesretailprod.blob.core.windows.net/retail/SECCHI/SCATOLAME/9269/C668B75B-ED7C-43D7-8A9A-C0BA07757EA5_1_MEDIUM.Jpg
Sedani Rigati n.94 U! Confronta e Risparmia,,https://www.spesaonline.unes.it/p/9266,"1 conf 500g | 1,30 €/kg","0,65","1,30",,,https://unesretailprod.blob.core.windows.net/retail/SECCHI/SCATOLAME/9266/F1BDD749-D723-45AC-9FE0-ECBF4BD98065_1_MEDIUM.Jpg
Pipe Rigate n.91 U! Confronta e Risparmia,,https://www.spesaonline.unes.it/p/9265,"1 conf 500g | 1,30 €/kg","0,65","1,30",,,https://unesretailprod.blob.core.windows.net/retail/SECCHI/SCATOLAME/9265/5C318C8F-1196-4555-A276-D8FA86E086EB_1_MEDIUM.Jpg
Pennette Rigate n.72 U! Confronta e Risparmia,,https://www.spesaonline.unes.it/p/9264,"1 conf 500g | 1,30 €/kg","0,65","1,30",,,https://unesretailprod.blob.core.windows.net/retail/SECCHI/SCATOLAME/9264/47AC7083-F9EB-4415-91B7-7141F9426700_1_MEDIUM.Jpg
Pennette Lisce n.69 U! Confronta e Risparmia,,https://www.spesaonline.unes.it/p/9263,"1 conf 500g | 1,30 €/kg","0,65","1,30",,,https://unesretailprod.blob.core.windows.net/retail/SECCHI/SCATOLAME/9263/BDA9E78E-5207-4CCD-87B5-B7C8254E3E30_1_MEDIUM.Jpg
Penne Rigate n.73 U! Confronta e Risparmia,,https://www.spesaonline.unes.it/p/9262,"1 conf 500g | 1,30 €/kg","0,65","1,30",,,https://unesretailprod.blob.core.windows.net/retail/SECCHI/SCATOLAME/9262/DBC2613E-D1C0-440B-8BF7-0BC0C212352F_1_MEDIUM.Jpg
Penne Lisce n.71 U! Confronta e Risparmia,,https://www.spesaonline.unes.it/p/9260,"1 conf 500g | 1,30 €/kg","0,65","1,30",,,https://unesretailprod.blob.core.windows.net/retail/SECCHI/SCATOLAME/9260/8C7C6475-8A1C-41B0-86AB-A285B723A52E_1_MEDIUM.Jpg
Mezze Penne Rigate n.70 U! Confronta e Risparmia,,https://www.spesaonline.unes.it/p/9258,"1 conf 500g | 1,30 €/kg","0,65","1,30",,,https://unesretailprod.blob.core.windows.net/retail/SECCHI/SCATOLAME/9258/8CE8571E-725D-4486-80CE-C5DA179666E9_1_MEDIUM.Jpg
Orecchiette U! Confronta e Risparmia,,https://www.spesaonline.unes.it/p/24412,"1 conf 500g | 2,38 €/kg","1,19","2,38",,,https://unesretailprod.blob.core.windows.net/retail/SECCHI/SCATOLAME/24412/BDF7F7CD-0715-42E0-BF01-DCDE3DF849E9_1_MEDIUM.Jpg
Capunti U! Confronta e Risparmia,,https://www.spesaonline.unes.it/p/24410,"1 conf 500g | 2,38 €/kg","1,19","2,38",,,https://unesretailprod.blob.core.windows.net/retail/SECCHI/SCATOLAME/24410/9BC46F91-BBEC-45EA-BB89-6EA7C9B168FC_1_MEDIUM.Jpg
Risoni n.26 U! Confronta e Risparmia,,https://www.spesaonline.unes.it/p/9311,"1 conf 500g | 1,30 €/kg","0,65","1,30",,,https://unesretailprod.blob.core.windows.net/retail/SECCHI/SCATOLAME/9311/B59FA787-8B6E-43C2-819A-06A1457BC346_1_MEDIUM.Jpg
Stelline n.27 U! Confronta e Risparmia,,https://www.spesaonline.unes.it/p/9310,"1 conf 500g | 1,30 €/kg","0,65","1,30",,,https://unesretailprod.blob.core.windows.net/retail/SECCHI/SCATOLAME/9310/44AC0602-5FCA-4F9F-93E9-EA0E80A4ABF2_1_MEDIUM.Jpg
Tempestina n.21 U! Confronta e Risparmia,,https://www.spesaonline.unes.it/p/9309,"1 conf 500g | 1,30 €/kg","0,65","1,30",,,https://unesretailprod.blob.core.windows.net/retail/SECCHI/SCATOLAME/9309/1730B1AD-3FEF-43FC-86EB-536A502308CE_1_MEDIUM.Jpg
Filini n.180 U! Confronta e Risparmia,,https://www.spesaonline.unes.it/p/9307,"1 conf 500g | 1,30 €/kg","0,65","1,30",,,https://unesretailprod.blob.core.windows.net/retail/SECCHI/SCATOLAME/9307/3AB9CB59-2935-4B02-AC25-B1CEBD55FB07_1_MEDIUM.Jpg
Capellini n.214 U! Confronta e Risparmia,,https://www.spesaonline.unes.it/p/9306,"1 conf 500g | 2,38 €/kg","1,19","2,38",,,https://unesretailprod.blob.core.windows.net/retail/SECCHI/SCATOLAME/9306/05CF858E-B032-4AA3-9D8E-64D9FC8E3643_1_MEDIUM.Jpg
Tagliatelle n.216 U! Confronta e Risparmia,,https://www.spesaonline.unes.it/p/9303,"1 conf 500g | 2,38 €/kg","1,19","2,38",,,https://unesretailprod.blob.core.windows.net/retail/SECCHI/SCATOLAME/9303/5B1B72CC-B824-4D70-93D3-76803EA9FB7E_1_MEDIUM.Jpg
Ditali Lisci n.45 U! Confronta e Risparmia,,https://www.spesaonline.unes.it/p/9300,"1 conf 500g | 1,30 €/kg","0,65","1,30",,,https://unesretailprod.blob.core.windows.net/retail/SECCHI/SCATOLAME/9300/6A4BEF40-02B3-4A3F-9153-1235A720693E_1_MEDIUM.Jpg
Ditalini Rigati n.47 U! Confronta e Risparmia,,https://www.spesaonline.unes.it/p/9274,"1 conf 500g | 1,30 €/kg","0,65","1,30",,,https://unesretailprod.blob.core.windows.net/retail/SECCHI/SCATOLAME/9274/D5D24FEF-6255-484E-A8DE-4935D1CDC5F5_1_MEDIUM.Jpg
Ditali Rigati n.49 U! Confronta e Risparmia,,https://www.spesaonline.unes.it/p/9271,"1 conf 500g | 1,30 €/kg","0,65","1,30",,,https://unesretailprod.blob.core.windows.net/retail/SECCHI/SCATOLAME/9271/E2D41BA6-9945-4E2A-86AF-D8186F9931CC_1_MEDIUM.Jpg
Filini all'Uovo U! Confronta e Risparmia,,https://www.spesaonline.unes.it/p/422694,"1 conf 250g | 3,00 €/kg","0,75","3,00",,,https://unesretailprod.blob.core.windows.net/retail/SECCHI/SCATOLAME/422694/FCA3DD4C-E2AE-476E-819E-548D74408C4E_1_MEDIUM.Jpg
Risini all'Uovo U! Confronta e Risparmia,,https://www.spesaonline.unes.it/p/422693,"1 conf 250g | 3,00 €/kg","0,75","3,00",,,https://unesretailprod.blob.core.windows.net/retail/SECCHI/SCATOLAME/422693/229D7297-BEA9-4EDC-B4C1-BFACAB53BBA1_1_MEDIUM.Jpg
Farfalline all'Uovo U! Confronta e Risparmia,,https://www.spesaonline.unes.it/p/422692,"1 conf 250g | 3,00 €/kg","0,75","3,00",,,https://unesretailprod.blob.core.windows.net/retail/SECCHI/SCATOLAME/422692/90C55520-B4E3-457B-9F3C-682A739DEF2F_1_MEDIUM.Jpg
Sorprese all'Uovo U! Confronta e Risparmia,,https://www.spesaonline.unes.it/p/422690,"1 conf 250g | 3,00 €/kg","0,75","3,00",,,https://unesretailprod.blob.core.windows.net/retail/SECCHI/SCATOLAME/422690/C5C5E739-9A69-4A0E-B96B-43DF81CB63F5_1_MEDIUM.Jpg
Grattini all' Uovo U! Confronta e Risparmia,,https://www.spesaonline.unes.it/p/29017,"1 conf 250g | 3,00 €/kg","0,75","3,00",,,https://unesretailprod.blob.core.windows.net/retail/SECCHI/SCATOLAME/29017/58E8C8ED-7129-4E6B-8D11-B480CFD7D8CA_1_MEDIUM.Jpg
Cannelloni all'Uovo U! Confronta e Risparmia,,https://www.spesaonline.unes.it/p/47083,"1 conf 250g | 5,40 €/kg","1,35","5,40",,,https://unesretailprod.blob.core.windows.net/retail/SECCHI/SCATOLAME/47083/BD7AD713-4195-4288-A11D-F8615DDB8929_1_MEDIUM.Jpg
Lasagne all'Uovo U! Confronta e Risparmia,,https://www.spesaonline.unes.it/p/47080,"1 conf 500g | 3,70 €/kg","1,85","3,70",,,https://unesretailprod.blob.core.windows.net/retail/SECCHI/SCATOLAME/47080/B751D025-DD6B-451B-A488-502A4DC78D07_1_MEDIUM.Jpg
Tagliolini all'Uovo U! Confronta e Risparmia,,https://www.spesaonline.unes.it/p/422699,"1 conf 250g | 4,36 €/kg","1,09","4,36",,,https://unesretailprod.blob.core.windows.net/retail/SECCHI/SCATOLAME/422699/692089C2-CC03-4C46-AE99-AD39215B94C0_1_MEDIUM.Jpg
Tagliatelle all'Uovo U! Confronta e Risparmia,,https://www.spesaonline.unes.it/p/422697,"1 conf 250g | 4,36 €/kg","1,09","4,36",,,https://unesretailprod.blob.core.windows.net/retail/SECCHI/SCATOLAME/422697/D0F07D2D-CDB4-4281-9190-967D5BE1307D_1_MEDIUM.Jpg
Fettuccine all'Uovo U! Confronta e Risparmia,,https://www.spesaonline.unes.it/p/422696,"1 conf 250g | 4,36 €/kg","1,09","4,36",,,https://unesretailprod.blob.core.windows.net/retail/SECCHI/SCATOLAME/422696/AE621A15-0AF6-4D1F-80A1-F641ABEDD155_1_MEDIUM.Jpg
Frastagliate all'Uovo U! Confronta e Risparmia,,https://www.spesaonline.unes.it/p/422695,"1 conf 250g | 4,36 €/kg","1,09","4,36",,,https://unesretailprod.blob.core.windows.net/retail/SECCHI/SCATOLAME/422695/B597D65E-0861-479C-BA74-6F16E18F983D_1_MEDIUM.Jpg
Paglia e Fieno Pasta all'Uovo U! Confronta e Risparmia,,https://www.spesaonline.unes.it/p/20825,"1 conf 250g | 4,36 €/kg","1,09","4,36",,,https://unesretailprod.blob.core.windows.net/retail/SECCHI/SCATOLAME/20825/8B67892D-CDEE-4FDC-8700-51107A385084_1_MEDIUM.Jpg
Pappardelle all'Uovo U! Confronta e Risparmia,,https://www.spesaonline.unes.it/p/20823,"1 conf 250g | 4,36 €/kg","1,09","4,36",,,https://unesretailprod.blob.core.windows.net/retail/SECCHI/SCATOLAME/20823/82EE0002-735D-41DD-A705-7DFBD1BB403E_1_MEDIUM.Jpg
Riso Basmati U! Confronta e Risparmia,,https://www.spesaonline.unes.it/p/18613,"1 conf 500g | 3,38 €/kg","1,69","3,38",,,https://unesretailprod.blob.core.windows.net/retail/SECCHI/SCATOLAME/18613/DDF767EB-8AF5-44F4-98D0-94637D723205_1_MEDIUM.Jpg
Riso Ribe Parboiled U! Confronta e Risparmia,,https://www.spesaonline.unes.it/p/18611,"1 conf 1kg | 2,79 €/kg","2,79","2,79",,,https://unesretailprod.blob.core.windows.net/retail/SECCHI/SCATOLAME/18611/E988917E-EA4D-46DA-9306-72D0280C1EC2_1_MEDIUM.Jpg
Riso Originario U! Confronta & Risparmia,,https://www.spesaonline.unes.it/p/18609,"1 conf 1kg | 2,89 €/kg","2,89","2,89",,,https://unesretailprod.blob.core.windows.net/retail/SECCHI/SCATOLAME/18609/68D011DB-EF0A-4A80-A6CD-020DB9ADE953_1_MEDIUM.Jpg
Riso Roma U! Confronta e Risparmia,,https://www.spesaonline.unes.it/p/18608,"1 conf 1kg | 2,65 €/kg","2,65","2,65",,,https://unesretailprod.blob.core.windows.net/retail/SECCHI/SCATOLAME/18608/4DB9EE22-EE78-40E8-AD35-4B39EA20A162_1_MEDIUM.Jpg
Riso Ribe U! Confronta e Risparmia,,https://www.spesaonline.unes.it/p/18607,"1 conf 1kg | 2,29 €/kg","2,29","2,29",,,https://unesretailprod.blob.core.windows.net/retail/SECCHI/SCATOLAME/18607/F65201EC-4265-4571-A8B6-5249CEB0F1A2_1_MEDIUM.Jpg
Riso S. Andrea U! Confronta e Risparmia,,https://www.spesaonline.unes.it/p/18606,"1 conf 1kg | 2,69 €/kg","2,69","2,69",,,https://unesretailprod.blob.core.windows.net/retail/SECCHI/SCATOLAME/18606/14557C13-82BC-48DD-889A-CAB6914124FB_1_MEDIUM.Jpg
Riso Lungo B Parboiled per Insalate U! Confronta e Risparmia,,https://www.spesaonline.unes.it/p/18605,"1 conf 1kg | 2,19 €/kg","2,19","2,19",,,https://unesretailprod.blob.core.windows.net/retail/SECCHI/SCATOLAME/18605/8DE19734-D4AE-4694-9D60-04CF42A48C78_1_MEDIUM.Jpg
Riso Arborio U! Confronta e Risparmia,,https://www.spesaonline.unes.it/p/18604,"1 conf 1kg | 3,19 €/kg","3,19","3,19",,,https://unesretailprod.blob.core.windows.net/retail/SECCHI/SCATOLAME/18604/A7E38B9C-CCE3-4379-BD3A-14DBFA96BAEC_1_MEDIUM.Jpg
Riso Carnaroli,1 kg,https://www.spesaonline.unes.it/p/18603,"1 conf 1kg | 3,59 €/kg","2,85","3,59",€0.74,10/12,https://unesretailprod.blob.core.windows.net/retail/SECCHI/SCATOLAME/18603/6E3B423B-3D12-4723-BBD6-4797914F3A24_1_MEDIUM.Jpg
RISOTTO AI FUNGHI PORCINI U! Confronta & Risparmia,,https://www.spesaonline.unes.it/p/59045,"1 conf 175g | 6,80 €/kg","1,19","6,80",,,https://unesretailprod.blob.core.windows.net/retail/SECCHI/SCATOLAME/59045/DA5EE06E-AF25-4836-9D0B-88DC6EC1B5C5_1_MEDIUM.Jpg
RISOTTO CON ASPARAGI U! Confronta & Risparmia,,https://www.spesaonline.unes.it/p/23984,"1 conf 175g | 6,80 €/kg","1,19","6,80",,,https://unesretailprod.blob.core.windows.net/retail/SECCHI/SCATOLAME/23984/3C193724-4703-4402-A8F5-2E8355F75196_1_MEDIUM.Jpg
Risotto alla Milanese U! Confronta e Risparmia,,https://www.spesaonline.unes.it/p/23954,"1 conf 175g | 6,80 €/kg","1,19","6,80",,,https://unesretailprod.blob.core.windows.net/retail/SECCHI/SCATOLAME/23954/0662A552-6579-432C-88B6-86F01A51ADE6_1_MEDIUM.Jpg
Miscela per Pane ai Cereali U! Confronta e Risparmia,,https://www.spesaonline.unes.it/p/78339,"1 conf 1kg | 2,09 €/kg","2,09","2,09",,,https://unesretailprod.blob.core.windows.net/retail/SECCHI/SCATOLAME/78339/3F48184A-85A3-400D-923D-7DFEC34B8902_1_MEDIUM.Jpg
"Farina di Grano Tenero Tipo ""00"" Antigrumi U! Confronta e Risparmia",,https://www.spesaonline.unes.it/p/78335,"1 conf 1kg | 1,15 €/kg","1,15","1,15",,,https://unesretailprod.blob.core.windows.net/retail/SECCHI/SCATOLAME/78335/3C69BF72-BB1E-4F38-BD23-9464A75FA0CB_1_MEDIUM.Jpg
Semola Rimacinata di Grano Duro U! Confronta e Risparmia,,https://www.spesaonline.unes.it/p/38213,"1 conf 1kg | 1,39 €/kg","1,39","1,39",,,https://unesretailprod.blob.core.windows.net/retail/SECCHI/SCATOLAME/38213/F922D1D5-8F3D-4B37-B51F-F21B9CE9BC73_1_MEDIUM.Jpg
Semola di Grano Duro U! Confronta e Risparmia,,https://www.spesaonline.unes.it/p/13980,"1 conf 250g | 2,00 €/kg","0,50","2,00",,,https://unesretailprod.blob.core.windows.net/retail/SECCHI/SCATOLAME/13980/A7CFDE92-5E9B-4499-8A70-9BF2C2079BC3_1_MEDIUM.Jpg
Farina di Grano Tenero Tipo '00' U! Confronta e Risparmia,,https://www.spesaonline.unes.it/p/13979,"1 conf 500g | 0,90 €/kg","0,45","0,90",,,https://unesretailprod.blob.core.windows.net/retail/SECCHI/SCATOLAME/13979/E2F2E353-8013-41B5-B936-7A7A3FEE1B60_1_MEDIUM.Jpg
"Farina di Grano Tenero Tipo ""00""",1 Kg,https://www.spesaonline.unes.it/p/13978,"1 conf 1kg | 0,79 €/kg","0,79","0,79",,,https://unesretailprod.blob.core.windows.net/retail/SECCHI/SCATOLAME/13978/9C459F46-8675-454F-BDCD-B8959D487626_1_MEDIUM.Jpg
Preparato per Pizza e Focaccie U! Confronta e Risparmia,,https://www.spesaonline.unes.it/p/79290,"1 conf 1kg | 1,29 €/kg","1,29","1,29",,,https://unesretailprod.blob.core.windows.net/retail/SECCHI/SCATOLAME/79290/01DFCFF7-1FF7-44D9-9DCA-35ADC98F8E42_1_MEDIUM.Jpg
Preparato per Crostate e Biscotti U! Confronta e Risparmia - 1 kg,,https://www.spesaonline.unes.it/p/78340,"1 conf 1kg | 1,29 €/kg","1,29","1,29",,,https://unesretailprod.blob.core.windows.net/retail/SECCHI/SCATOLAME/78340/48D35C93-0827-48B1-9F19-B703862D8EA3_1_MEDIUM.Jpg
Farina di Grano Tenero Tipo '0' Manitoba U! Confronta e Risparmia,,https://www.spesaonline.unes.it/p/44745,"1 conf 1kg | 1,19 €/kg","1,19","1,19",,,https://unesretailprod.blob.core.windows.net/retail/SECCHI/SCATOLAME/44745/1D32FE04-BC7B-4138-82D8-334DA3B4FF00_1_MEDIUM.Jpg
Purè di Patate in Fiocchi U! Confronta e Risparmia,,https://www.spesaonline.unes.it/p/35918,"1 conf 225g | 6,00 €/kg","1,35","6,00",,,https://unesretailprod.blob.core.windows.net/retail/SECCHI/SCATOLAME/35918/0AA80186-88E5-4B5F-B1B2-7351A727DC35_1_MEDIUM.Jpg
Farina di Mais per Polenta Istantanea U! Confronta e Risparmia,,https://www.spesaonline.unes.it/p/13981,"1 conf 500g | 1,50 €/kg","0,75","1,50",,,https://unesretailprod.blob.core.windows.net/retail/SECCHI/SCATOLAME/13981/C22764AA-73AA-48FC-B426-364FC1EE0FB3_1_MEDIUM.Jpg
Crema ai Funghi U! Confronta e Risparmia,,https://www.spesaonline.unes.it/p/65549,"1 conf 100g | 11,90 €/kg","1,19","11,90",,,https://unesretailprod.blob.core.windows.net/retail/SECCHI/SCATOLAME/65549/1C465E63-F164-4A73-A871-9C0B4F327D71_1_MEDIUM.Jpg
CREMA CON ASPARAGI U! Confronta&Risparmia,,https://www.spesaonline.unes.it/p/65289,"1 conf 100g | 11,90 €/kg","1,19","11,90",,,https://unesretailprod.blob.core.windows.net/retail/SECCHI/SCATOLAME/65289/8D9D22AD-366B-4504-B2DB-EAC700DA565E_1_MEDIUM.Jpg
PASTA E FAGIOLI U! Confronta & Risparmia,,https://www.spesaonline.unes.it/p/23991,"1 conf 182g | 6,53 €/kg","1,19","6,53",,,https://unesretailprod.blob.core.windows.net/retail/SECCHI/SCATOLAME/23991/44EE0CEB-771C-4DDB-ACA4-2C2881281A4F_1_MEDIUM.Jpg
Minestrina Ortolana U! Confronta e Risparmia,,https://www.spesaonline.unes.it/p/23956,"1 conf 56g | 21,25 €/kg","1,19","21,25",,,https://unesretailprod.blob.core.windows.net/retail/SECCHI/SCATOLAME/23956/CC08B9A3-5A37-40F1-87D1-FDE65DA335DB_1_MEDIUM.Jpg
Pomodorini U! Confronta e Risparmia,,https://www.spesaonline.unes.it/p/9549,"1 conf 400g | 2,12 €/kg","0,85","2,12",,,https://unesretailprod.blob.core.windows.net/retail/SECCHI/SCATOLAME/9549/8A9F8D6E-CE7A-40BD-8570-6993CBBBA882_1_MEDIUM.Jpg
Passata di Pomodoro U! Confronta e Risparmia,,https://www.spesaonline.unes.it/p/81388,"1 conf 350g | 1,97 €/kg","0,69","1,97",,,https://unesretailprod.blob.core.windows.net/retail/SECCHI/SCATOLAME/81388/7A930999-91C4-4D69-B172-463024E77048_1_MEDIUM.Jpg
Polpa di Pomodoro,690 g,https://www.spesaonline.unes.it/p/81387,"1 conf 690g | 1,43 €/kg","0,99","1,43",,,https://unesretailprod.blob.core.windows.net/retail/SECCHI/SCATOLAME/81387/89178DF9-EB7F-47D4-9D8A-0C5096965F56_1_MEDIUM.Jpg
Passata Rustica di Pomodoro U! Confronta e Risparmia,,https://www.spesaonline.unes.it/p/81386,"1 conf 700g | 1,55 €/kg","1,09","1,55",,,https://unesretailprod.blob.core.windows.net/retail/SECCHI/SCATOLAME/81386/661417E4-2471-4453-9AA3-7369CD51F84D_1_MEDIUM.Jpg
Passata di Pomodoro U! Confronta e Risparmia,,https://www.spesaonline.unes.it/p/81377,"1 conf 700g | 1,35 €/kg","0,95","1,35",,,https://unesretailprod.blob.core.windows.net/retail/SECCHI/SCATOLAME/81377/C732EEAB-242A-4FC8-A9AC-5A2D375E2BB1_1_MEDIUM.Jpg
Salsa Pronta di Pomodoro Ciliegino,330 g,https://www.spesaonline.unes.it/p/76101,"1 conf 330g | 3,90 €/kg","1,29","3,90",,,https://unesretailprod.blob.core.windows.net/retail/SECCHI/SCATOLAME/76101/DE16C392-B848-4229-9CD3-DF735B2960EF_1_MEDIUM.Jpg
Polpa di Pomodoro U! Confronta e Risparmia,,https://www.spesaonline.unes.it/p/9569,"1 conf 1,2kg | 1,82 €/kg","2,19","1,82",,,https://unesretailprod.blob.core.windows.net/retail/SECCHI/SCATOLAME/9569/79331DF9-3E95-4A29-A7F1-146B859A2571_1_MEDIUM.Jpg
Polpa di Pomodoro U! Confronta e Risparmia,,https://www.spesaonline.unes.it/p/9548,"1 conf 400g | 2,12 €/kg","0,85","2,12",,,https://unesretailprod.blob.core.windows.net/retail/SECCHI/SCATOLAME/9548/7AFA5077-3184-4104-95DB-DB142D56443B_1_MEDIUM.Jpg
Polpa di Pomodoro U! Confronta e Risparmia,,https://www.spesaonline.unes.it/p/9547,"1 conf 227g | 3,30 €/kg","0,75","3,30",,,https://unesretailprod.blob.core.windows.net/retail/SECCHI/SCATOLAME/9547/002EAE38-10CD-4CA4-A20B-E83FDE204F6B_1_MEDIUM.Jpg
Pelati U! Confronta e Risparmia,,https://www.spesaonline.unes.it/p/10149,"1 conf 480g | 2,68 €/kg","1,29","2,68",,,https://unesretailprod.blob.core.windows.net/retail/SECCHI/SCATOLAME/10149/7C79C46A-4C76-4C79-9BF7-5F8FA1355366_1_MEDIUM.Jpg
Pelati U! Confronta e Risparmia,,https://www.spesaonline.unes.it/p/10148,"1 conf 240g | 2,87 €/kg","0,69","2,87",,,https://unesretailprod.blob.core.windows.net/retail/SECCHI/SCATOLAME/10148/4D0771B5-D552-4222-B936-3F7588A59481_1_MEDIUM.Jpg
Pesto al Basilico U! Confronta e Risparmia,,https://www.spesaonline.unes.it/p/405321,"1 conf 190g | 8,36 €/kg","1,59","8,36",,,https://unesretailprod.blob.core.windows.net/retail/SECCHI/SCATOLAME/405321/79FD12E6-6371-4D58-8441-7F585F7AF7D2_1_MEDIUM.Jpg
Pesto al Basilico Senz'Aglio U! Confronta e Risparmia,,https://www.spesaonline.unes.it/p/26586,"1 conf 190g | 8,36 €/kg","1,59","8,36",,,https://unesretailprod.blob.core.windows.net/retail/SECCHI/SCATOLAME/26586/2DCFB5DB-97C8-4BDE-BA13-445C275591A1_1_MEDIUM.Jpg
Ragù U! Confronta e Risparmia,,https://www.spesaonline.unes.it/p/53750,"1 conf 360g | 5,52 €/kg","1,99","5,52",,,https://unesretailprod.blob.core.windows.net/retail/SECCHI/SCATOLAME/53750/607062CF-C41C-4A66-BFB4-5228201FAC94_1_MEDIUM.Jpg
Sugo al Ragù U! Confronta e Risparmia,,https://www.spesaonline.unes.it/p/14514,"1 conf 350g | 3,40 €/kg","1,19","3,40",,,https://unesretailprod.blob.core.windows.net/retail/SECCHI/SCATOLAME/14514/7493B780-C3EE-4CC3-A4B5-4331968DC51B_1_MEDIUM.Jpg
Sugo all'Arrabbiata U! Confronta e Risparmia,,https://www.spesaonline.unes.it/p/59246,"1 conf 350g | 3,40 €/kg","1,19","3,40",,,https://unesretailprod.blob.core.windows.net/retail/SECCHI/SCATOLAME/59246/ABBDA9ED-138E-4320-B411-8F92847CC043_1_MEDIUM.Jpg
Sugo alle Olive U! Confronta e Risparmia,,https://www.spesaonline.unes.it/p/14516,"1 conf 350g | 3,40 €/kg","1,19","3,40",,,https://unesretailprod.blob.core.windows.net/retail/SECCHI/SCATOLAME/14516/9BEB2BE6-43C5-4585-98B3-8950C950F6D9_1_MEDIUM.Jpg
Sugo ai Funghi U! Confronta e Risparmia,,https://www.spesaonline.unes.it/p/14515,"1 conf 350g | 3,40 €/kg","1,19","3,40",,,https://unesretailprod.blob.core.windows.net/retail/SECCHI/SCATOLAME/14515/1E94E67B-4D76-4F04-9301-EC679A49959A_1_MEDIUM.Jpg
Sugo al Basilico,350 g,https://www.spesaonline.unes.it/p/14513,"1 conf 350g | 3,40 €/kg","1,19","3,40",,,https://unesretailprod.blob.core.windows.net/retail/SECCHI/SCATOLAME/14513/D9F972D4-1434-4EDB-AB40-773DAACD730F_1_MEDIUM.Jpg
Olio di Oliva Composto di Oli di Oliva Raffinati e di Oli di Oliva Vergini U! Confronta e Risparmia,,https://www.spesaonline.unes.it/p/47283,"1 conf 100cl | 8,99 €/l","8,99","8,99",,,https://unesretailprod.blob.core.windows.net/retail/SECCHI/SCATOLAME/47283/314ABCEA-F366-4322-AD28-63FDEB8DAB2E_1_MEDIUM.Jpg
Olio Extra Vergine di Oliva U! Confronta e Risparmia,,https://www.spesaonline.unes.it/p/10285,"1 conf 50cl | 12,98 €/l","6,49","12,98",,,https://unesretailprod.blob.core.windows.net/retail/SECCHI/SCATOLAME/10285/C7A1EA0D-4FF6-448C-A605-9C9BB3E03C19_1_MEDIUM.Jpg
Olio di Oliva Composto di Oli di Oliva Raffinati e Oli di Oliva Vergini U! Confronta e Risparmia,,https://www.spesaonline.unes.it/p/10284,"1 conf 100cl | 9,90 €/l","9,90","9,90",,,https://unesretailprod.blob.core.windows.net/retail/SECCHI/SCATOLAME/10284/70F28DA8-FB3E-4A48-9223-4A9F96C2FEC0_1_MEDIUM.Jpg
Olio Extra Vergine di Oliva U! Confronta e Risparmia,,https://www.spesaonline.unes.it/p/10282,"1 conf 100cl | 10,99 €/l","10,99","10,99",,,https://unesretailprod.blob.core.windows.net/retail/SECCHI/SCATOLAME/10282/A0920B7D-AE87-4D4E-B9FB-BAC11DD0AA2B_1_MEDIUM.Jpg
Olio di Semi di Girasole per Friggere U! Confronta e Risparmia,,https://www.spesaonline.unes.it/p/21391,"1 conf 100cl | 2,79 €/l","2,79","2,79",,,https://unesretailprod.blob.core.windows.net/retail/SECCHI/SCATOLAME/21391/60CE6B94-A75E-46DB-8322-9B731CEA1F00_1_MEDIUM.Jpg
Olio di Semi di Soia U! Confronta e Risparmia,,https://www.spesaonline.unes.it/p/21387,"1 conf 100cl | 2,69 €/l","2,69","2,69",,,https://unesretailprod.blob.core.windows.net/retail/SECCHI/SCATOLAME/21387/6ADDC377-11BA-443F-9D4C-CAF8EE453372_1_MEDIUM.Jpg
Olio di Semi di Girasole U! Confronta e Risparmia,,https://www.spesaonline.unes.it/p/21386,"1 conf 100cl | 2,49 €/l","2,49","2,49",,,https://unesretailprod.blob.core.windows.net/retail/SECCHI/SCATOLAME/21386/2F459131-A465-4E15-A026-43FA4AAD5C19_1_MEDIUM.Jpg
Olio di Semi di Mais U! Confronta e Risparmia,,https://www.spesaonline.unes.it/p/21385,"1 conf 100cl | 2,99 €/l","2,99","2,99",,,https://unesretailprod.blob.core.windows.net/retail/SECCHI/SCATOLAME/21385/1F18F5D2-1831-4D4E-89EE-068BE29713B0_1_MEDIUM.Jpg
Olio di Semi Vari U! Confronta e Risparmia,,https://www.spesaonline.unes.it/p/21384,"1 conf 100cl | 2,69 €/l","2,69","2,69",,,https://unesretailprod.blob.core.windows.net/retail/SECCHI/SCATOLAME/21384/98C69B10-3124-4974-9002-D591D855E9DE_1_MEDIUM.Jpg
Olio di Semi di Arachide U! Confronta e Risparmia,,https://www.spesaonline.unes.it/p/21383,"1 conf 100cl | 3,59 €/l","3,59","3,59",,,https://unesretailprod.blob.core.windows.net/retail/SECCHI/SCATOLAME/21383/8F83A658-617D-47E3-8463-6C1D7BE15218_1_MEDIUM.Jpg
Aceto di Mele U! Confronta e Risparmia,,https://www.spesaonline.unes.it/p/8385,"1 conf 50cl | 2,50 €/l","0,99","2,50",€0.26,10/12,https://unesretailprod.blob.core.windows.net/retail/SECCHI/SCATOLAME/8385/57EA8F63-6447-4CF3-AB1E-BDE495C50B2A_1_MEDIUM.Jpg
Aceto Balsamico di Modena IGP U! Confronta e Risparmia,,https://www.spesaonline.unes.it/p/8383,"1 conf 50cl | 2,90 €/l","1,15","2,90",€0.30,10/12,https://unesretailprod.blob.core.windows.net/retail/SECCHI/SCATOLAME/8383/6E463CB0-0FBF-4B5B-9E53-1D47725CAA82_1_MEDIUM.Jpg
SUCCO DI LIME U! Confronta e Risparmia,,https://www.spesaonline.unes.it/p/76973,"1 conf 100ml | 4,50 €/l","0,45","4,50",,,https://unesretailprod.blob.core.windows.net/retail/SECCHI/SCATOLAME/76973/DB506F9E-86B9-4CB0-95BD-68BBC12EFFD1_1_MEDIUM.Jpg
CREMA ALL'ACETO BALSAMICO DI MODENA I.G.P. U! Confronta & Risparmia,,https://www.spesaonline.unes.it/p/7605,"1 conf 25cl | 7,96 €/l","1,99","7,96",,,https://unesretailprod.blob.core.windows.net/retail/SECCHI/SCATOLAME/7605/0D8B0009-4FC0-45D8-B296-DA6EDF59D110_1_MEDIUM.Jpg
Succo di Limone Italiano U! Confronta e Risparmia,,https://www.spesaonline.unes.it/p/71106,"1 conf 200ml | 2,45 €/l","0,49","2,45",,,https://unesretailprod.blob.core.windows.net/retail/SECCHI/SCATOLAME/71106/76AD535A-C41E-4589-A2C5-F4414245C7A8_1_MEDIUM.Jpg
Aceto di Vino Bianco U! Confronta e Risparmia,,https://www.spesaonline.unes.it/p/347351,"1 conf 100cl | 0,79 €/l","0,79","0,79",,,https://unesretailprod.blob.core.windows.net/retail/SECCHI/SCATOLAME/347351/09DBF17E-B034-4BA2-BD9B-531568BCFC39_1_MEDIUM.Jpg
Aceto di Vino Rosso U! Confronta e Risparmia,,https://www.spesaonline.unes.it/p/347350,"1 conf 100cl | 0,79 €/l","0,79","0,79",,,https://unesretailprod.blob.core.windows.net/retail/SECCHI/SCATOLAME/347350/773EB491-3028-469E-9302-78F9235E41A1_1_MEDIUM.Jpg
Sale Marino Iodato Grosso U! Confronta e Risparmia,,https://www.spesaonline.unes.it/p/400308,"1 conf 1kg | 0,69 €/kg","0,69","0,69",,,https://unesretailprod.blob.core.windows.net/retail/SECCHI/SCATOLAME/400308/ECF89478-7A87-4A2B-B474-82F008061B7F_1_MEDIUM.Jpg
Sale Marino Iodato Fino U! Confronta e Risparmia,,https://www.spesaonline.unes.it/p/400307,"1 conf 1kg | 0,69 €/kg","0,69","0,69",,,https://unesretailprod.blob.core.windows.net/retail/SECCHI/SCATOLAME/400307/DF1F2B62-532A-4F6E-851F-51B1FEB278A3_1_MEDIUM.Jpg
Spargisale Marino Iodato Fino U! Confronta e Risparmia,,https://www.spesaonline.unes.it/p/28999,"1 conf 250g | 2,76 €/kg","0,69","2,76",,,https://unesretailprod.blob.core.windows.net/retail/SECCHI/SCATOLAME/28999/00F91069-68E5-4810-80E5-0217C1F7C3A1_1_MEDIUM.Jpg
Fagioli Cannellini 3x400g U! Confronta e Risparmia,,https://www.spesaonline.unes.it/p/9568,"1 conf 720g | 2,06 €/kg","1,49","2,06",,,https://unesretailprod.blob.core.windows.net/retail/SECCHI/SCATOLAME/9568/F46F34C0-4036-42BA-A9DE-BD0317672AA7_1_MEDIUM.Jpg
Fagioli Borlotti 3x400g U! Confronta e Risparmia,,https://www.spesaonline.unes.it/p/9567,"1 conf 720g | 2,06 €/kg","1,49","2,06",,,https://unesretailprod.blob.core.windows.net/retail/SECCHI/SCATOLAME/9567/07F3D02C-9572-4D80-9D27-EDA72D6A1029_1_MEDIUM.Jpg
Fagioli Borlotti U! Confronta e Risparmia,,https://www.spesaonline.unes.it/p/9553,"1 conf 240g | 2,29 €/kg","0,55","2,29",,,https://unesretailprod.blob.core.windows.net/retail/SECCHI/SCATOLAME/9553/B8612949-A11D-4741-8D73-AF3CCB0A49C0_1_MEDIUM.Jpg
Fagioli Cannellini U! Confronta e Risparmia,,https://www.spesaonline.unes.it/p/9552,"1 conf 240g | 2,29 €/kg","0,55","2,29",,,https://unesretailprod.blob.core.windows.net/retail/SECCHI/SCATOLAME/9552/C7818427-52CE-43B8-BBD4-4EB54DA71A00_1_MEDIUM.Jpg
Fagioli Bianchi di Spagna,240 g,https://www.spesaonline.unes.it/p/9551,"1 conf 240g | 2,29 €/kg","0,55","2,29",,,https://unesretailprod.blob.core.windows.net/retail/SECCHI/SCATOLAME/9551/81267FAE-516E-427C-A9A2-A41A252C8048_1_MEDIUM.Jpg
Fagiolini Fini U! Confronta e RIsparmia,,https://www.spesaonline.unes.it/p/21721,"1 conf 220g | 4,95 €/kg","1,09","4,95",,,https://unesretailprod.blob.core.windows.net/retail/SECCHI/SCATOLAME/21721/3020E55E-E117-4829-9DD7-E9A5E8E6D378_1_MEDIUM.Jpg
Lenticchie,240 g,https://www.spesaonline.unes.it/p/9555,"1 conf 240g | 2,29 €/kg","0,55","2,29",,,https://unesretailprod.blob.core.windows.net/retail/SECCHI/SCATOLAME/9555/A2283EEA-06D5-4DD8-968A-B6D561F36299_1_MEDIUM.Jpg
Ceci U! Confronta e Risparmia,,https://www.spesaonline.unes.it/p/9554,"1 conf 240g | 2,29 €/kg","0,55","2,29",,,https://unesretailprod.blob.core.windows.net/retail/SECCHI/SCATOLAME/9554/9F5D59E7-E7F8-476E-8399-354FB7894729_1_MEDIUM.Jpg
Lenticchie 3x400g U! Confronta e Risparmia,,https://www.spesaonline.unes.it/p/40743,"1 conf 720g | 1,37 €/kg","0,99","1,37",,,https://unesretailprod.blob.core.windows.net/retail/SECCHI/SCATOLAME/40743/B0DDB70C-456A-4CE2-92DC-25515BAB956B_1_MEDIUM.Jpg
Mais Dolce U! Confronta e Risparmia,,https://www.spesaonline.unes.it/p/9558,"1 conf 285g | 3,82 €/kg","1,09","3,82",,,https://unesretailprod.blob.core.windows.net/retail/SECCHI/SCATOLAME/9558/D1C57F97-291B-4DD2-8599-FE1D998C75E3_1_MEDIUM.Jpg
Piselli Fini U! Confronta e Risparmia,,https://www.spesaonline.unes.it/p/9557,"1 conf 270g | 3,66 €/kg","0,99","3,66",,,https://unesretailprod.blob.core.windows.net/retail/SECCHI/SCATOLAME/9557/E7CC22C7-A506-423C-92A7-591712A8D323_1_MEDIUM.Jpg
Piselli Medi U! Confronta e Risparmia,,https://www.spesaonline.unes.it/p/9556,"1 conf 270g | 3,66 €/kg","0,79","3,66",€0.20,10/12,https://unesretailprod.blob.core.windows.net/retail/SECCHI/SCATOLAME/9556/557E3269-E84C-4F0F-B9E9-B6F2B0C44AEE_1_MEDIUM.Jpg
Piselli Medio Fini 3x160G U! Confronta e Risparmia,,https://www.spesaonline.unes.it/p/51557,"1 conf 420g | 4,73 €/kg","1,99","4,73",,,https://unesretailprod.blob.core.windows.net/retail/SECCHI/SCATOLAME/51557/0DE37939-1915-4B4E-9BC7-06B01941FF97_1_MEDIUM.Jpg
Mais Dolce U! Confronta e Risparmia,,https://www.spesaonline.unes.it/p/47976,"1 conf 420g | 5,45 €/kg","2,29","5,45",,,https://unesretailprod.blob.core.windows.net/retail/SECCHI/SCATOLAME/47976/493F7F61-ABC3-4E6D-AA11-C0C78580E4F3_1_MEDIUM.Jpg
Patatine Stick U! Confronta e Risparmia,,https://www.spesaonline.unes.it/p/85904,"1 conf 150g | 11,26 €/kg","1,69","11,26",,,https://unesretailprod.blob.core.windows.net/retail/SECCHI/SCATOLAME/85904/C028AFC0-7317-463C-96E6-BD0C82F6E20B_1_MEDIUM.Jpg
Nacho Chips Salati U! Confronta e Risparmia,,https://www.spesaonline.unes.it/p/65400,"1 conf 200g | 5,95 €/kg","1,19","5,95",,,https://unesretailprod.blob.core.windows.net/retail/SECCHI/SCATOLAME/65400/9E9769CA-DB15-4096-9D62-B80BF0817DE5_1_MEDIUM.Jpg
Nacho Chips gusto Chili U! Confronta e Risparmia,,https://www.spesaonline.unes.it/p/65397,"1 conf 200g | 5,95 €/kg","1,19","5,95",,,https://unesretailprod.blob.core.windows.net/retail/SECCHI/SCATOLAME/65397/2181229B-C7DC-4A12-A476-3AB3CB9386A4_1_MEDIUM.Jpg
Snack Gusto Bacon U! Confronta e Risparmia,,https://www.spesaonline.unes.it/p/58342,"1 conf 75g | 14,53 €/kg","1,09","14,53",,,https://unesretailprod.blob.core.windows.net/retail/SECCHI/SCATOLAME/58342/DB1C66FC-0244-4EF5-8E8D-DEE01F2C1BA6_1_MEDIUM.Jpg
Patatine Classiche U! Confronta e Risparmia,,https://www.spesaonline.unes.it/p/55635,"1 conf 150g | 12,60 €/kg","1,89","12,60",,,https://unesretailprod.blob.core.windows.net/retail/SECCHI/SCATOLAME/55635/397F86FF-8AD2-451E-8D7B-106CDAE9BF75_1_MEDIUM.Jpg
Anelli di Mais U! Confronta e Risparmia,,https://www.spesaonline.unes.it/p/51022,"1 conf 120g | 5,41 €/kg","0,65","5,41",,,https://unesretailprod.blob.core.windows.net/retail/SECCHI/SCATOLAME/51022/584DB899-BAA8-4A7B-9816-66D507258E64_1_MEDIUM.Jpg
Patatine Classiche U! Confronta e Risparmia,,https://www.spesaonline.unes.it/p/44543,"1 conf 100g | 8,50 €/kg","0,85","8,50",,,https://unesretailprod.blob.core.windows.net/retail/SECCHI/SCATOLAME/44543/4EC71070-D719-42AC-BA45-D590611071CE_1_MEDIUM.Jpg
Patatine Classiche U! Confronta e Risparmia,,https://www.spesaonline.unes.it/p/40601,"1 conf 180g | 7,16 €/kg","1,29","7,16",,,https://unesretailprod.blob.core.windows.net/retail/SECCHI/SCATOLAME/40601/64593675-99FB-4075-A38F-D494A39B3DB9_1_MEDIUM.Jpg
Patatine Rigate U! Confronta e Risparmia,,https://www.spesaonline.unes.it/p/40600,"1 conf 180g | 7,16 €/kg","1,29","7,16",,,https://unesretailprod.blob.core.windows.net/retail/SECCHI/SCATOLAME/40600/B32946FC-3B8E-4E7B-93E4-EDB91C2E65A8_1_MEDIUM.Jpg
Pop Corn U! Confronta e Risparmia,,https://www.spesaonline.unes.it/p/23344,"1 conf 100g | 6,90 €/kg","0,69","6,90",,,https://unesretailprod.blob.core.windows.net/retail/SECCHI/SCATOLAME/23344/F07DDB53-F7FC-488A-BF20-67034B83AC6D_1_MEDIUM.Jpg
White Chips U! Confronta e Risparmia,,https://www.spesaonline.unes.it/p/23343,"1 conf 160g | 7,43 €/kg","1,19","7,43",,,https://unesretailprod.blob.core.windows.net/retail/SECCHI/SCATOLAME/23343/B844A9F1-EBEE-4540-8207-1015ABBDC2E8_1_MEDIUM.Jpg
Cornetti di Mais U! Confronta e Risparmia,,https://www.spesaonline.unes.it/p/23342,"1 conf 100g | 8,90 €/kg","0,89","8,90",,,https://unesretailprod.blob.core.windows.net/retail/SECCHI/SCATOLAME/23342/F5C49566-7FAD-4535-92AA-841AEF31DDD0_1_MEDIUM.Jpg
Sfogliatine Croccanti alla Paprika U! Confronta e Risparmia,,https://www.spesaonline.unes.it/p/84380,"1 conf 70g | 16,42 €/kg","1,15","16,42",,,https://unesretailprod.blob.core.windows.net/retail/SECCHI/SCATOLAME/84380/3D7BB4FD-8A47-4055-9596-35FDCED4BA83_1_MEDIUM.Jpg
Sfogliatine Croccanti al Rosmarino U! Confronta e Risparmia,,https://www.spesaonline.unes.it/p/84379,"1 conf 70g | 16,42 €/kg","1,15","16,42",,,https://unesretailprod.blob.core.windows.net/retail/SECCHI/SCATOLAME/84379/2C20FD3F-D48B-4982-8148-A286EBAE9403_1_MEDIUM.Jpg
Sfogliatine Croccanti di Grano Duro U! Confronta e Risparmia,,https://www.spesaonline.unes.it/p/84378,"1 conf 70g | 16,42 €/kg","1,15","16,42",,,https://unesretailprod.blob.core.windows.net/retail/SECCHI/SCATOLAME/84378/2D713619-C7C7-48E3-AC98-A23E2DB02F0F_1_MEDIUM.Jpg
Maionese U! Confronta e Risparmia,,https://www.spesaonline.unes.it/p/57173,"1 conf 240g | 5,37 €/kg","1,29","5,37",,,https://unesretailprod.blob.core.windows.net/retail/SECCHI/SCATOLAME/57173/033F6B51-E908-4CDB-948B-3A75277F5AF3_1_MEDIUM.Jpg
Maionese U! Confronta e Risparmia,,https://www.spesaonline.unes.it/p/55398,"1 conf 247g | 6,03 €/kg","1,49","6,03",,,https://unesretailprod.blob.core.windows.net/retail/SECCHI/SCATOLAME/55398/69239C3F-0343-4022-9AEE-78A5FFEE7A8C_1_MEDIUM.Jpg
Senape U! Confronta e Risparmia,,https://www.spesaonline.unes.it/p/15820,"1 conf 270g | 5,74 €/kg","1,55","5,74",,,https://unesretailprod.blob.core.windows.net/retail/SECCHI/SCATOLAME/15820/BCF7D99C-7C8C-4E66-B388-0A4BD89FF0E6_1_MEDIUM.Jpg
Maionese U! Confronta e Risparmia,,https://www.spesaonline.unes.it/p/15819,"1 conf 143g | 6,92 €/kg","0,99","6,92",,,https://unesretailprod.blob.core.windows.net/retail/SECCHI/SCATOLAME/15819/C36AA02A-F1B9-4E8E-89A8-CC0053F4C8CA_1_MEDIUM.Jpg
Maionese U! Confronta e Risparmia,,https://www.spesaonline.unes.it/p/15814,"1 conf 480g | 5,18 €/kg","2,49","5,18",,,https://unesretailprod.blob.core.windows.net/retail/SECCHI/SCATOLAME/15814/F8AF4B08-9FC1-422A-806E-33838C04976F_1_MEDIUM.Jpg
Ketchup U! Confronta e Risparmia,,https://www.spesaonline.unes.it/p/73294,"1 conf 560g | 2,05 €/kg","1,15","2,05",,,https://unesretailprod.blob.core.windows.net/retail/SECCHI/SCATOLAME/73294/725CCA42-D3C8-4F40-9869-D43384A61EC0_1_MEDIUM.Jpg
Salsa Verde U! Confronta e Risparmia,,https://www.spesaonline.unes.it/p/54220,"1 conf 190g | 8,89 €/kg","1,69","8,89",,,https://unesretailprod.blob.core.windows.net/retail/SECCHI/SCATOLAME/54220/5B03FB58-AF7B-4A05-82B0-CF1B5641F425_1_MEDIUM.Jpg
BBQ Sauce U! Confronta e Risparmia,,https://www.spesaonline.unes.it/p/54196,"1 conf 270g | 6,11 €/kg","1,65","6,11",,,https://unesretailprod.blob.core.windows.net/retail/SECCHI/SCATOLAME/54196/FAEC1564-573B-40CA-B916-248DBC239FA8_1_MEDIUM.Jpg
Salsa Tartara U! Confronta e Risparmia,,https://www.spesaonline.unes.it/p/15818,"1 conf 240g | 7,29 €/kg","1,75","7,29",,,https://unesretailprod.blob.core.windows.net/retail/SECCHI/SCATOLAME/15818/755504D2-F332-4CED-B971-2A376B607EF9_1_MEDIUM.Jpg
Salsa Tonnata U! Confronta e Risparmia,,https://www.spesaonline.unes.it/p/15817,"1 conf 240g | 7,29 €/kg","1,75","7,29",,,https://unesretailprod.blob.core.windows.net/retail/SECCHI/SCATOLAME/15817/A20D8257-B613-48B1-8E1B-1D93EEF74F91_1_MEDIUM.Jpg
Salsa Cocktail U! Confronta e Risparmia,,https://www.spesaonline.unes.it/p/15816,"1 conf 240g | 7,29 €/kg","1,75","7,29",,,https://unesretailprod.blob.core.windows.net/retail/SECCHI/SCATOLAME/15816/CEFBAFDE-7CA9-4B20-9D1B-FB5CE32FF740_1_MEDIUM.Jpg
Melanzane alla Contadina U! Confronta e Risparmia - 280 g,,https://www.spesaonline.unes.it/p/79305,"1 conf 280g | 5,53 €/kg","1,55","5,53",,,https://unesretailprod.blob.core.windows.net/retail/SECCHI/SCATOLAME/79305/82E49BD1-81DE-4D0F-BCB5-172D7CE632D2_1_MEDIUM.Jpg
Condimento per Insalata di Riso Senza Olio - 280 g,,https://www.spesaonline.unes.it/p/79304,"1 conf 180g | 8,27 €/kg","1,49","8,27",,,https://unesretailprod.blob.core.windows.net/retail/SECCHI/SCATOLAME/79304/B249C84B-57CB-4C83-943C-D3E6F90A8402_1_MEDIUM.Jpg
Olive Verdi Snocciolate,510 g,https://www.spesaonline.unes.it/p/78541,"1 conf 250g | 7,96 €/kg","1,99","7,96",,,https://unesretailprod.blob.core.windows.net/retail/SECCHI/SCATOLAME/78541/88449613-107F-4D1E-BDB1-1069262F8450_1_MEDIUM.Jpg
OLIVE VERDI GIGANTI U! Confronta e Risparmia,,https://www.spesaonline.unes.it/p/78540,"1 conf 310g | 9,00 €/kg","2,79","9,00",,,https://unesretailprod.blob.core.windows.net/retail/SECCHI/SCATOLAME/78540/BFEE8649-D45B-41DA-9460-96F39BCDC9ED_1_MEDIUM.Jpg
OLIVE NERE DENOCCIOLATE IN SALAMOIA U! Confronta e Risparmia,,https://www.spesaonline.unes.it/p/78537,"1 conf 125g | 11,12 €/kg","1,39","11,12",,,https://unesretailprod.blob.core.windows.net/retail/SECCHI/SCATOLAME/78537/7363F813-1C25-4755-A778-AF0C1CC5191F_1_MEDIUM.Jpg
OLIVE VERDI DENOCCIOLATE IN SALAMOIA U! Confronta e Risparmia,,https://www.spesaonline.unes.it/p/78536,"1 conf 140g | 9,21 €/kg","1,29","9,21",,,https://unesretailprod.blob.core.windows.net/retail/SECCHI/SCATOLAME/78536/F0DAB1E7-8570-484A-ADCA-8EF52E09E404_1_MEDIUM.Jpg
Olive Verdi Intere in Salamoia U! Confronta e Risparmia,,https://www.spesaonline.unes.it/p/78535,"1 conf 180g | 6,61 €/kg","1,19","6,61",,,https://unesretailprod.blob.core.windows.net/retail/SECCHI/SCATOLAME/78535/FB355A64-77B8-4769-B532-E0D6BFDB0F2F_1_MEDIUM.Jpg
PEPERONI A FILETTI IN ACETO DI VINO U! Confronta e Risparmia,,https://www.spesaonline.unes.it/p/78532,"1 conf 160g | 7,43 €/kg","1,19","7,43",,,https://unesretailprod.blob.core.windows.net/retail/SECCHI/SCATOLAME/78532/00BBC95B-FDAD-45A8-8E57-AB9DC605FF2E_1_MEDIUM.Jpg
MISTO TOAST U! Confronta e Risparmia,,https://www.spesaonline.unes.it/p/78528,"1 conf 290g | 5,82 €/kg","1,69","5,82",,,https://unesretailprod.blob.core.windows.net/retail/SECCHI/SCATOLAME/78528/7F17C57D-832C-4B0F-AA61-ED7E7276B302_1_MEDIUM.Jpg
POMODORI SECCHI IN OLIO U! Confronta e Risparmia,,https://www.spesaonline.unes.it/p/78527,"1 conf 280g | 7,82 €/kg","2,19","7,82",,,https://unesretailprod.blob.core.windows.net/retail/SECCHI/SCATOLAME/78527/4BF2EE4C-2306-430E-96DE-52949F432618_1_MEDIUM.Jpg
FUNGHI ALLA PIZZAIOLA U! Confronta e Risparmia,,https://www.spesaonline.unes.it/p/78525,"1 conf 285g | 7,68 €/kg","2,19","7,68",,,https://unesretailprod.blob.core.windows.net/retail/SECCHI/SCATOLAME/78525/AD434D97-376C-45E1-A606-7F6A13DDD883_1_MEDIUM.Jpg
FUNGHI CHAMPIGNON TRIFOLATI IN OLIO DI SEMI DI GIRASOLE U! Confronta e Risparmia,,https://www.spesaonline.unes.it/p/78524,"1 conf 290g | 8,24 €/kg","2,39","8,24",,,https://unesretailprod.blob.core.windows.net/retail/SECCHI/SCATOLAME/78524/916E2FE3-9E65-4B06-AA63-D43285A49009_1_MEDIUM.Jpg
FUNGHI CHAMPIGNON IN OLIO DI SEMI DI GIRASOLE U! Confronta e Risparmia,,https://www.spesaonline.unes.it/p/78523,"1 conf 290g | 8,93 €/kg","2,59","8,93",,,https://unesretailprod.blob.core.windows.net/retail/SECCHI/SCATOLAME/78523/6CB9CC9C-CB4B-49B9-970A-0FDA94C40910_1_MEDIUM.Jpg
CARCIOFINI TAGLIATI IN OLIO DI SEMI DI GIRASOLE U! Confronta e Risparmia,,https://www.spesaonline.unes.it/p/78522,"1 conf 290g | 8,24 €/kg","2,39","8,24",,,https://unesretailprod.blob.core.windows.net/retail/SECCHI/SCATOLAME/78522/6D1B90E4-D395-4C94-8501-CE17E19923F4_1_MEDIUM.Jpg
CARCIOFINI INTERI IN OLIO DI SEMI DI GIRASOLE U! Confronta e Risparmia,,https://www.spesaonline.unes.it/p/78521,"1 conf 290g | 10,65 €/kg","2,45","10,65",€0.64,10/12,https://unesretailprod.blob.core.windows.net/retail/SECCHI/SCATOLAME/78521/641A9B0C-101E-4119-9003-578DFEE68B0C_1_MEDIUM.Jpg
CETRIOLINI IN ACETO U! Confronta e Risparmia,,https://www.spesaonline.unes.it/p/78539,"1 conf 310g | 4,80 €/kg","1,49","4,80",,,https://unesretailprod.blob.core.windows.net/retail/SECCHI/SCATOLAME/78539/F92B427D-88B8-4793-85AB-99862156AD14_1_MEDIUM.Jpg
Giardiniera in Aceto di Vino U! Confronta e Risparmia - 530 g,,https://www.spesaonline.unes.it/p/78538,"1 conf 310g | 4,35 €/kg","1,35","4,35",,,https://unesretailprod.blob.core.windows.net/retail/SECCHI/SCATOLAME/78538/CE1EE423-4117-46ED-AB27-7403BB6593C2_1_MEDIUM.Jpg
Cipolle Borettane in Agrodolce U! Confronta e Risparmia,,https://www.spesaonline.unes.it/p/78534,"1 conf 290g | 5,00 €/kg","1,45","5,00",,,https://unesretailprod.blob.core.windows.net/retail/SECCHI/SCATOLAME/78534/F05FAF9D-AC26-41A6-8A25-898503F16F2C_1_MEDIUM.Jpg
Cipolle Borettane Grigliate Sottolio U! Confronta e Risparmia,,https://www.spesaonline.unes.it/p/78533,"1 conf 180g | 11,05 €/kg","1,99","11,05",,,https://unesretailprod.blob.core.windows.net/retail/SECCHI/SCATOLAME/78533/E0F7A8F5-B5C0-45FF-B0BD-22FB8DB273CC_1_MEDIUM.Jpg
INSALATINA IN ACETO DI VINO U! Confronta e Risparmia,,https://www.spesaonline.unes.it/p/78531,"1 conf 160g | 6,81 €/kg","1,09","6,81",,,https://unesretailprod.blob.core.windows.net/retail/SECCHI/SCATOLAME/78531/CDBD5055-6AC5-4AB5-A368-DE62A621429E_1_MEDIUM.Jpg
CIPOLLINE IN ACETO U! Confronta e Risparmia,,https://www.spesaonline.unes.it/p/78530,"1 conf 180g | 6,05 €/kg","1,09","6,05",,,https://unesretailprod.blob.core.windows.net/retail/SECCHI/SCATOLAME/78530/F6D007D8-DAC6-4126-9D81-FEA8B17044BA_1_MEDIUM.Jpg
CETRIOLINI IN ACETO DI VINO U! Confronta e Risparmia,,https://www.spesaonline.unes.it/p/78529,"1 conf 160g | 7,43 €/kg","1,19","7,43",,,https://unesretailprod.blob.core.windows.net/retail/SECCHI/SCATOLAME/78529/F42B54A1-E279-463A-AE4D-7B73062A9AC4_1_MEDIUM.Jpg
CAPPERI IN SALE U! Confronta e Risparmia,,https://www.spesaonline.unes.it/p/78520,"1 conf 130g | 9,15 €/kg","1,19","9,15",,,https://unesretailprod.blob.core.windows.net/retail/SECCHI/SCATOLAME/78520/3B4C42E1-C39D-42ED-AB63-BCF875715E69_1_MEDIUM.Jpg
Tonno con un Filo d' Olio di Oliva U! Confronta e Risparmia,,https://www.spesaonline.unes.it/p/97059,"1 conf 180g | 16,05 €/kg","2,89","16,05",,,https://unesretailprod.blob.core.windows.net/retail/SECCHI/SCATOLAME/97059/C2D7D843-157B-4F63-9A81-F1C02A8000C8_1_MEDIUM.Jpg
Tonno all' Olio di Oliva U! Confronta e Risparmia,,https://www.spesaonline.unes.it/p/97058,"1 conf 330g | 14,81 €/kg","4,89","14,81",,,https://unesretailprod.blob.core.windows.net/retail/SECCHI/SCATOLAME/97058/EA6DD802-D720-4946-BFB0-B038F69E374F_1_MEDIUM.Jpg
Tonno al Naturale U! Confronta e Risparmia,,https://www.spesaonline.unes.it/p/97057,"1 conf 224g | 13,79 €/kg","3,09","13,79",,,https://unesretailprod.blob.core.windows.net/retail/SECCHI/SCATOLAME/97057/6E94876B-C294-4534-AABA-8D5665F8843E_1_MEDIUM.Jpg
Tonno all' Olio di Oliva U! Confronta e Risparmia,,https://www.spesaonline.unes.it/p/97055,"1 conf 280g | 13,53 €/kg","3,79","13,53",,,https://unesretailprod.blob.core.windows.net/retail/SECCHI/SCATOLAME/97055/9C3B0103-FD75-4FF7-AE55-0952D2A146A8_1_MEDIUM.Jpg
Tonno all' Olio di Oliva U! Confronta e Risparmia,,https://www.spesaonline.unes.it/p/97054,"1 conf 420g | 14,02 €/kg","5,89","14,02",,,https://unesretailprod.blob.core.windows.net/retail/SECCHI/SCATOLAME/97054/B4E9E87D-7910-4D1C-A823-21D2E1E592D4_1_MEDIUM.Jpg
Tonno all' Olio di Oliva U! Confronta e Risparmia,,https://www.spesaonline.unes.it/p/97053,"1 conf 210g | 14,23 €/kg","2,99","14,23",,,https://unesretailprod.blob.core.windows.net/retail/SECCHI/SCATOLAME/97053/0BC6FF0D-A523-439F-9073-1FB5D51C330A_1_MEDIUM.Jpg
Insalata alla Messicana con Tonno e Fagioli Rossi U! Confronta e Risparmia,,https://www.spesaonline.unes.it/p/51663,"1 conf 160g | 11,18 €/kg","1,79","11,18",,,https://unesretailprod.blob.core.windows.net/retail/SECCHI/SCATOLAME/51663/6A051802-1EAF-401E-8123-9341BF846EE7_1_MEDIUM.Jpg
Insalata alla Mediterranea con Tonno,Mais e Verdure U! Confronta e Risparmia,https://www.spesaonline.unes.it/p/51662,"1 conf 160g | 11,18 €/kg","1,79","11,18",,,https://unesretailprod.blob.core.windows.net/retail/SECCHI/SCATOLAME/51662/8F48FA3D-84F7-4D40-8029-AB4757FEA266_1_MEDIUM.Jpg
Filetti di Acciughe del Pacifico U! Confronta e Risparmia,,https://www.spesaonline.unes.it/p/27261,"1 conf 78g | 19,87 €/kg","1,55","19,87",,,https://unesretailprod.blob.core.windows.net/retail/SECCHI/SCATOLAME/27261/62B88868-CA63-4250-9CD4-A027EE27C2E0_1_MEDIUM.Jpg
Filetti di Acciughe del Pacifico Arrotolate U! Confronta e Risparmia,,https://www.spesaonline.unes.it/p/27259,"1 conf 78g | 21,15 €/kg","1,65","21,15",,,https://unesretailprod.blob.core.windows.net/retail/SECCHI/SCATOLAME/27259/2146FD04-D109-4692-9F51-952475042EBB_1_MEDIUM.Jpg
Filetti di Sgombro Grigliati U! Confronta e Risparmia,,https://www.spesaonline.unes.it/p/82355,"1 conf 120g | 15,75 €/kg","1,89","15,75",,,https://unesretailprod.blob.core.windows.net/retail/SECCHI/SCATOLAME/82355/051FB5EC-6F6B-4909-A9C4-77445EDCCC38_1_MEDIUM.Jpg
Carne Bovina in Gelatina U! Confronta e Risparmia,,https://www.spesaonline.unes.it/p/61502,"1 conf 280g | 10,32 €/kg","2,89","10,32",,,https://unesretailprod.blob.core.windows.net/retail/SECCHI/SCATOLAME/61502/2E4DA81F-0A9B-47E4-9E90-789255DD02C2_1_MEDIUM.Jpg
Carne Bovina in Gelatina U! Confronta e Risparmia,,https://www.spesaonline.unes.it/p/61499,"1 conf 270g | 10,92 €/kg","2,95","10,92",,,https://unesretailprod.blob.core.windows.net/retail/SECCHI/SCATOLAME/61499/3E75CC7C-20DC-4F16-A934-C45D9F4AB35A_1_MEDIUM.Jpg
MACEDONIA DI FRUTTA ALLO SCIROPPO U! Confronta & Risparmia,,https://www.spesaonline.unes.it/p/26969,"1 conf 240g | 5,79 €/kg","1,39","5,79",,,https://unesretailprod.blob.core.windows.net/retail/SECCHI/SCATOLAME/26969/9C4BEBE9-C4FE-4F39-8EC0-1B8A035317D4_1_MEDIUM.Jpg
PESCHE ALLO SCIROPPO U! Confronta & Risparmia,,https://www.spesaonline.unes.it/p/26967,"1 conf 240g | 5,62 €/kg","1,35","5,62",,,https://unesretailprod.blob.core.windows.net/retail/SECCHI/SCATOLAME/26967/3A6201C9-DD14-4AFA-8480-542D73B54A0F_1_MEDIUM.Jpg
ANANAS A FETTE ALLO SCIROPPO U! Confronta & Risparmia,,https://www.spesaonline.unes.it/p/26966,"1 conf 340g | 6,73 €/kg","2,29","6,73",,,https://unesretailprod.blob.core.windows.net/retail/SECCHI/SCATOLAME/26966/33B9727C-A1D5-429F-9319-134D29FF870A_1_MEDIUM.Jpg
ANANAS A FETTE AL NATURALE U! Confronta & Risparmia,,https://www.spesaonline.unes.it/p/26965,"1 conf 340g | 6,73 €/kg","2,29","6,73",,,https://unesretailprod.blob.core.windows.net/retail/SECCHI/SCATOLAME/26965/2EAD22A2-8F96-42C5-A4A8-BB6BBF467EBD_1_MEDIUM.Jpg
10 Capsule Che Caffè Classico Monodose Nespresso U! Confronta e Risparmia,,https://www.spesaonline.unes.it/p/86391,"1 conf 56g | 35,53 €/kg","1,99","35,53",,,https://unesretailprod.blob.core.windows.net/retail/SECCHI/SCATOLAME/86391/181AC4E6-796B-4025-9C0F-D46D339D73AF_1_MEDIUM.Jpg
10 Capsule Che Caffè Decaffeinato Monodose Nespresso U! Confronta e Risparmia,,https://www.spesaonline.unes.it/p/86390,"1 conf 56g | 35,53 €/kg","1,99","35,53",,,https://unesretailprod.blob.core.windows.net/retail/SECCHI/SCATOLAME/86390/C88776B1-1F17-43D7-863A-E7BAF4126BEC_1_MEDIUM.Jpg
10 Capsule Che Caffè Deciso Monodose Nespresso U! Confronta e Risparmia,,https://www.spesaonline.unes.it/p/86389,"1 conf 56g | 35,53 €/kg","1,99","35,53",,,https://unesretailprod.blob.core.windows.net/retail/SECCHI/SCATOLAME/86389/446A85D9-4BD2-407F-BBC8-A0E7E53FB42E_1_MEDIUM.Jpg
10 Capsule Che Caffè Intenso Monodose Nespresso U! Confronta e Risparmia,,https://www.spesaonline.unes.it/p/86388,"1 conf 56g | 35,53 €/kg","1,99","35,53",,,https://unesretailprod.blob.core.windows.net/retail/SECCHI/SCATOLAME/86388/9D57D95C-C350-4827-B6E5-63EE365C557A_1_MEDIUM.Jpg
16 Capsule Che Caffè Decaffeinato Monodose Nescafè Dolce Gusto U! Confronta e Risparmia,,https://www.spesaonline.unes.it/p/76354,"1 conf 112g | 32,94 €/kg","3,69","32,94",,,https://unesretailprod.blob.core.windows.net/retail/SECCHI/SCATOLAME/76354/750995E9-33E3-483A-93FE-90B58EDB6F7A_1_MEDIUM.Jpg
16 Capsule Che Caffè Cortado Monodose Nescafè Dolce Gusto U! Confronta e Risparmia,,https://www.spesaonline.unes.it/p/76353,"1 conf 112g | 32,94 €/kg","3,69","32,94",,,https://unesretailprod.blob.core.windows.net/retail/SECCHI/SCATOLAME/76353/C7CB645B-9C33-42EF-8565-24438A613A5A_1_MEDIUM.Jpg
16 Capsule Che Caffè Deciso Monodose Nescafè Dolce Gusto U! Confronta e Risparmia,,https://www.spesaonline.unes.it/p/76352,"1 conf 120g | 30,75 €/kg","3,69","30,75",,,https://unesretailprod.blob.core.windows.net/retail/SECCHI/SCATOLAME/76352/A7EAC73C-3F48-4D22-B905-0D7D645F891E_1_MEDIUM.Jpg
16 Capsule Che Caffè Intenso Monodose Nescafè Dolce Gusto U! Confronta e Risparmia,,https://www.spesaonline.unes.it/p/76351,"1 conf 112g | 32,94 €/kg","3,69","32,94",,,https://unesretailprod.blob.core.windows.net/retail/SECCHI/SCATOLAME/76351/2D74B6C6-FF57-42C1-B409-EB84A5F76AE7_1_MEDIUM.Jpg
16 Capsule Che Caffè Classico Monodose Nescafè Dolce Gusto U! Confronta e Risparmia,,https://www.spesaonline.unes.it/p/76350,"1 conf 120g | 30,75 €/kg","3,69","30,75",,,https://unesretailprod.blob.core.windows.net/retail/SECCHI/SCATOLAME/76350/23B167C5-CD21-4684-B3F2-7B2F97802ED6_1_MEDIUM.Jpg
16 Capsule Che Caffè Intenso Lavazza A Modo Mio U! Confronta e Risparmia,,https://www.spesaonline.unes.it/p/76159,"1 conf 112g | 31,16 €/kg","3,49","31,16",,,https://unesretailprod.blob.core.windows.net/retail/SECCHI/SCATOLAME/76159/2495CED5-A864-48DF-94A7-6B3F019F733D_1_MEDIUM.Jpg
16 Capsule Che Caffè Decaffeinato Lavazza A Modo Mio U! Confronta e Risparmia,,https://www.spesaonline.unes.it/p/67197,"1 conf 112g | 31,16 €/kg","3,49","31,16",,,https://unesretailprod.blob.core.windows.net/retail/SECCHI/SCATOLAME/67197/92F5BFBF-D473-4A0F-A6FD-FF94DD84EB38_1_MEDIUM.Jpg
16 Capsule Che Caffè Deciso Lavazza A Modo Mio U! Confronta e Risparmia,,https://www.spesaonline.unes.it/p/67037,"1 conf 112g | 31,16 €/kg","3,49","31,16",,,https://unesretailprod.blob.core.windows.net/retail/SECCHI/SCATOLAME/67037/810015AA-2AA3-44C5-ADBA-6981B06CCF48_1_MEDIUM.Jpg
16 Capsule Che Caffè Classico Lavazza A Modo Mio U! Confronta e Risparmia,,https://www.spesaonline.unes.it/p/66968,"1 conf 112g | 31,16 €/kg","3,49","31,16",,,https://unesretailprod.blob.core.windows.net/retail/SECCHI/SCATOLAME/66968/188F8013-FC3D-4622-9F2A-A7426A5EB09C_1_MEDIUM.Jpg
Che Caffè in Grani U! Confronta e Risparmia,,https://www.spesaonline.unes.it/p/13665,"1 conf 1kg | 10,90 €/kg","10,90","10,90",,,https://unesretailprod.blob.core.windows.net/retail/SECCHI/SCATOLAME/13665/231B5EB1-1A79-4FA0-83F0-B6DB3BE41897_1_MEDIUM.Jpg
Che Caffè Classico Solubile U! Confronta e Risparmia,,https://www.spesaonline.unes.it/p/14059,"1 conf 100g | 31,90 €/kg","3,19","31,90",,,https://unesretailprod.blob.core.windows.net/retail/SECCHI/SCATOLAME/14059/D1D01A9F-C1D3-4BB7-8370-08C2E57E2E88_1_MEDIUM.Jpg
Che Caffè Gustoricco Solubile U! Confronta e Risparmia,,https://www.spesaonline.unes.it/p/14057,"1 conf 100g | 34,00 €/kg","3,40","34,00",,,https://unesretailprod.blob.core.windows.net/retail/SECCHI/SCATOLAME/14057/D734666F-CB30-4312-9617-FB26DD9CD884_1_MEDIUM.Jpg
Che Caffè Decaffeinato Solubile U! Confronta e Risparmia,,https://www.spesaonline.unes.it/p/14054,"1 conf 100g | 39,90 €/kg","3,99","39,90",,,https://unesretailprod.blob.core.windows.net/retail/SECCHI/SCATOLAME/14054/B1CD7AC3-23C9-4C56-9E58-DC11A7F2B79D_1_MEDIUM.Jpg
Cappuccino al Ginseng U! Confronta e Risparmia,,https://www.spesaonline.unes.it/p/74089,"1 conf 200g | 13,95 €/kg","2,79","13,95",,,https://unesretailprod.blob.core.windows.net/retail/SECCHI/SCATOLAME/74089/5C715519-7908-45A7-AF5F-6EEFF232FFD4_1_MEDIUM.Jpg
Preparato Solubile per Cappuccino U! Confronta e Risparmia,,https://www.spesaonline.unes.it/p/14909,"1 conf 250g | 10,76 €/kg","2,69","10,76",,,https://unesretailprod.blob.core.windows.net/retail/SECCHI/SCATOLAME/14909/0BD6EF43-8958-4189-9B33-9E13B551F897_1_MEDIUM.Jpg
Che Caffè Decaffeinato U! Confronta e Risparmia,,https://www.spesaonline.unes.it/p/13961,"1 conf 250g | 11,16 €/kg","2,79","11,16",,,https://unesretailprod.blob.core.windows.net/retail/SECCHI/SCATOLAME/13961/7186F6C4-36B0-4324-B827-C32CA1815194_1_MEDIUM.Jpg
CHE CAFFE' MISCELA ORO U! Confronta & Risparmia,,https://www.spesaonline.unes.it/p/13663,"1 conf 250g | 11,96 €/kg","2,99","11,96",,,https://unesretailprod.blob.core.windows.net/retail/SECCHI/SCATOLAME/13663/DC366C22-07D4-4E95-AFFE-AC865DDA4E55_1_MEDIUM.Jpg
Che Caffè Classico per Moka U! Confronta e Risparmia,,https://www.spesaonline.unes.it/p/13662,"1 conf 250g | 9,16 €/kg","2,29","9,16",,,https://unesretailprod.blob.core.windows.net/retail/SECCHI/SCATOLAME/13662/1F8AA3F8-C538-4F26-896A-55613DAC5990_1_MEDIUM.Jpg
Che Caffè Espresso U! Confronta e Risparmia,,https://www.spesaonline.unes.it/p/13659,"1 conf 250g | 11,56 €/kg","2,89","11,56",,,https://unesretailprod.blob.core.windows.net/retail/SECCHI/SCATOLAME/13659/5E96F2E4-05A6-484D-A9C5-22C5B3518F31_1_MEDIUM.Jpg
Preparato per Bevanda a Base di Orzo e Caffè U! Confronta e Risparmia,,https://www.spesaonline.unes.it/p/69309,"1 conf 120g | 14,08 €/kg","1,69","14,08",,,https://unesretailprod.blob.core.windows.net/retail/SECCHI/SCATOLAME/69309/08BE214B-B54A-4177-A92E-FB76AFD17AE4_1_MEDIUM.Jpg
Preparato per Bevanda al Gusto di Cioccolato U! Confronta e Risparmia,,https://www.spesaonline.unes.it/p/65098,"1 conf 500g | 4,58 €/kg","2,29","4,58",,,https://unesretailprod.blob.core.windows.net/retail/SECCHI/SCATOLAME/65098/DE91FAD2-60DC-4D9E-AB6F-5EB9595F41FC_1_MEDIUM.Jpg
Orzo Solubile U! Confronta e Risparmia,,https://www.spesaonline.unes.it/p/16032,"1 conf 120g | 12,08 €/kg","1,45","12,08",,,https://unesretailprod.blob.core.windows.net/retail/SECCHI/SCATOLAME/16032/159CEC27-ED03-4173-A509-61A2D1239DBC_1_MEDIUM.Jpg
Thè Verde U! Confronta e Risparmia,,https://www.spesaonline.unes.it/p/11536,"1 conf 40g | 22,25 €/kg","0,89","22,25",,,https://unesretailprod.blob.core.windows.net/retail/SECCHI/SCATOLAME/11536/8C20236C-FE07-4A68-877A-68C349B6D290_1_MEDIUM.Jpg
Thè Earl Grey U! Confronta e Risparmia,,https://www.spesaonline.unes.it/p/11515,"1 conf 40g | 24,75 €/kg","0,99","24,75",,,https://unesretailprod.blob.core.windows.net/retail/SECCHI/SCATOLAME/11515/2AD8F001-09A6-468C-992F-797B0CF62A91_1_MEDIUM.Jpg
Thé Deteinato U! Confronta e Risparmia,,https://www.spesaonline.unes.it/p/11514,"1 conf 40g | 24,75 €/kg","0,99","24,75",,,https://unesretailprod.blob.core.windows.net/retail/SECCHI/SCATOLAME/11514/E974188A-9BC4-4BE9-919A-691B05B665FE_1_MEDIUM.Jpg
Thè Classico U! Confronta e Risparmia,,https://www.spesaonline.unes.it/p/11512,"1 conf 37,5g | 18,40 €/kg","0,69","18,40",,,https://unesretailprod.blob.core.windows.net/retail/SECCHI/SCATOLAME/11512/BC00209C-4998-4571-A281-A12CE27213BF_1_MEDIUM.Jpg
Camomilla Setacciata U! Confronta e Risparmia,,https://www.spesaonline.unes.it/p/11510,"1 conf 32,5g | 27,38 €/kg","0,89","27,38",,,https://unesretailprod.blob.core.windows.net/retail/SECCHI/SCATOLAME/11510/2D6A8E9E-BDF0-4757-8DE5-1974DCB218D5_1_MEDIUM.Jpg
Infuso di Finocchio U! Confronta e Risparmia,,https://www.spesaonline.unes.it/p/11670,"1 conf 40g | 27,25 €/kg","1,09","27,25",,,https://unesretailprod.blob.core.windows.net/retail/SECCHI/SCATOLAME/11670/4CA57DE2-10F9-4F9A-9606-F04F12074C2D_1_MEDIUM.Jpg
Infuso di Malva U! Confronta e Risparmia,,https://www.spesaonline.unes.it/p/11541,"1 conf 30g | 36,33 €/kg","1,09","36,33",,,https://unesretailprod.blob.core.windows.net/retail/SECCHI/SCATOLAME/11541/9ABE2526-C8DF-4CC8-993E-380939C36BE9_1_MEDIUM.Jpg
DOLCIFICANTE IPOCALORICO U! Confronta&Risparmia,,https://www.spesaonline.unes.it/p/55874,"1 conf 42g | 18,80 €/kg","0,79","18,80",,,https://unesretailprod.blob.core.windows.net/retail/SECCHI/SCATOLAME/55874/A329AF1D-0CAF-4422-96C6-0E94B7B37BFA_1_MEDIUM.Jpg
Dolcificante Ipocalorico U! Confronta e Risparmia,,https://www.spesaonline.unes.it/p/55795,"1 conf 12,6g | 91,26 €/kg","1,15","91,26",,,https://unesretailprod.blob.core.windows.net/retail/SECCHI/SCATOLAME/55795/161EFE3F-BF9D-4CF4-88CE-0DB1AA2AFDF1_1_MEDIUM.Jpg
Fette Biscottate Classiche U! Confronta e Risparmia,,https://www.spesaonline.unes.it/p/53550,"1 conf 324g | 3,98 €/kg","1,29","3,98",,,https://unesretailprod.blob.core.windows.net/retail/SECCHI/SCATOLAME/53550/FB611055-55F4-4320-887F-D44C9064A66D_1_MEDIUM.Jpg
Fette Biscottate con Farina Integrale U! Confronta e Risparmia,,https://www.spesaonline.unes.it/p/53549,"1 conf 324g | 3,98 €/kg","1,29","3,98",,,https://unesretailprod.blob.core.windows.net/retail/SECCHI/SCATOLAME/53549/F448F5CF-10B6-4CC8-8A1D-0BC5DE953C98_1_MEDIUM.Jpg
Fette Biscottate ai Cereali U! Confronta e Risparmia,,https://www.spesaonline.unes.it/p/50073,"1 conf 315g | 4,41 €/kg","1,39","4,41",,,https://unesretailprod.blob.core.windows.net/retail/SECCHI/SCATOLAME/50073/E2239E70-30A5-425D-BA81-EA67802C17B3_1_MEDIUM.Jpg
Frollini con Farina di Riso e Latte U! Confronta e Risparmia,,https://www.spesaonline.unes.it/p/63641,"1 conf 700g | 3,12 €/kg","2,19","3,12",,,https://unesretailprod.blob.core.windows.net/retail/SECCHI/SCATOLAME/63641/EEEFE209-7E99-4720-8B0F-241206442688_1_MEDIUM.Jpg
Frollini Farciti con Confettura di Mela U! Confronta e Risparmia,,https://www.spesaonline.unes.it/p/44516,"1 conf 300g | 5,30 €/kg","1,59","5,30",,,https://unesretailprod.blob.core.windows.net/retail/SECCHI/SCATOLAME/44516/1B8601E1-486A-46EC-AE09-5B67AFE44F50_1_MEDIUM.Jpg
Frollini all'Uovo U! Confronta e Risparmia,,https://www.spesaonline.unes.it/p/44508,"1 conf 800g | 3,11 €/kg","2,49","3,11",,,https://unesretailprod.blob.core.windows.net/retail/SECCHI/SCATOLAME/44508/82A86C36-40A3-41E5-B429-B631C6D11548_1_MEDIUM.Jpg
Frollini con Granelli di Zucchero U! Confronta e Risparmia,,https://www.spesaonline.unes.it/p/44506,"1 conf 800g | 3,11 €/kg","2,49","3,11",,,https://unesretailprod.blob.core.windows.net/retail/SECCHI/SCATOLAME/44506/15774DEE-BA4A-4A5A-878F-D3681BEF9F3B_1_MEDIUM.Jpg
Frollini con Panna Fresca U! Confronta e Risparmia,,https://www.spesaonline.unes.it/p/44505,"1 conf 800g | 3,11 €/kg","2,49","3,11",,,https://unesretailprod.blob.core.windows.net/retail/SECCHI/SCATOLAME/44505/654CC751-6437-44B3-9CA7-B4AB5B179E86_1_MEDIUM.Jpg
Frollini Dorati U! Confronta e Risparmia,,https://www.spesaonline.unes.it/p/41364,"1 conf 500g | 3,18 €/kg","1,59","3,18",,,https://unesretailprod.blob.core.windows.net/retail/SECCHI/SCATOLAME/41364/C30D69D7-7F22-4C4C-A1A0-0A019BE4FA45_1_MEDIUM.Jpg
Biscotti Prima Colazione U! Confronta e Risparmia,,https://www.spesaonline.unes.it/p/26681,"1 conf 500g | 3,18 €/kg","1,59","3,18",,,https://unesretailprod.blob.core.windows.net/retail/SECCHI/SCATOLAME/26681/A18D608E-5D36-45E5-87E5-F4DB1016A331_1_MEDIUM.Jpg
Frollini con Farina di Riso Italiano U! Confronta e Risparmia,,https://www.spesaonline.unes.it/p/13208,"1 conf 250g | 6,36 €/kg","1,59","6,36",,,https://unesretailprod.blob.core.windows.net/retail/SECCHI/SCATOLAME/13208/A71976DA-B672-4315-BF2A-AA17602E42C3_1_MEDIUM.Jpg
Frollini con Gocce di Cioccolato U! Confronta e Risparmia,,https://www.spesaonline.unes.it/p/471080,"1 conf 500g | 3,98 €/kg","1,99","3,98",,,https://unesretailprod.blob.core.windows.net/retail/SECCHI/SCATOLAME/471080/8C70763D-B8C9-4A16-83C5-5AAB404803E8_1_MEDIUM.Jpg
Frollini con Panna e Cacao U! Confronta e Risparmia,,https://www.spesaonline.unes.it/p/44510,"1 conf 700g | 3,55 €/kg","2,49","3,55",,,https://unesretailprod.blob.core.windows.net/retail/SECCHI/SCATOLAME/44510/11FB5209-F607-40E1-94ED-B4E01E714C46_1_MEDIUM.Jpg
Frollini con Cacao e Nocciole U! Confronta e Risparmia,,https://www.spesaonline.unes.it/p/44509,"1 conf 700g | 3,55 €/kg","2,49","3,55",,,https://unesretailprod.blob.core.windows.net/retail/SECCHI/SCATOLAME/44509/998DFCE9-B1F1-4A7B-B4C9-CC110655DD7D_1_MEDIUM.Jpg
Biscotti con Cereali Croccanti U! Confronta e Risparmia,,https://www.spesaonline.unes.it/p/64501,"1 conf 230g | 4,30 €/kg","0,99","4,30",,,https://unesretailprod.blob.core.windows.net/retail/SECCHI/SCATOLAME/64501/56D4171E-BB8E-4EBC-955D-600873CA7E97_1_MEDIUM.Jpg
Frollini con Gocce di Cioccolato Senza Zuccheri Aggiunti U! Confronta e Risparmia,,https://www.spesaonline.unes.it/p/44515,"1 conf 350g | 5,68 €/kg","1,99","5,68",,,https://unesretailprod.blob.core.windows.net/retail/SECCHI/SCATOLAME/44515/78BFC43F-7F0C-4E9C-B75F-68C72A7A9C0E_1_MEDIUM.Jpg
Frollini Senza Zuccheri Aggiunti U! Confronta e Risparmia,,https://www.spesaonline.unes.it/p/44514,"1 conf 350g | 4,82 €/kg","1,69","4,82",,,https://unesretailprod.blob.core.windows.net/retail/SECCHI/SCATOLAME/44514/220088D1-B47F-4262-81E1-91B939307F6D_1_MEDIUM.Jpg
Frollini Integrali U! Confronta e Risparmia,,https://www.spesaonline.unes.it/p/44513,"1 conf 700g | 3,12 €/kg","2,19","3,12",,,https://unesretailprod.blob.core.windows.net/retail/SECCHI/SCATOLAME/44513/FD2E3857-CDC0-4DBF-A7F6-6740BDB9FEF6_1_MEDIUM.Jpg
Frollini con Farina Integrale di Grano Saraceno U! Confronta e Risparmia,,https://www.spesaonline.unes.it/p/44511,"1 conf 700g | 3,55 €/kg","2,49","3,55",,,https://unesretailprod.blob.core.windows.net/retail/SECCHI/SCATOLAME/44511/B33C770A-3A2F-4ECF-8C15-E3F78D30BEDF_1_MEDIUM.Jpg
Biscotti con Cereali Classici U! Confronta e Risparmia,,https://www.spesaonline.unes.it/p/15148,"1 conf 250g | 3,96 €/kg","0,99","3,96",,,https://unesretailprod.blob.core.windows.net/retail/SECCHI/SCATOLAME/15148/98F84BC3-E4E9-4208-A674-FAAA50508DB9_1_MEDIUM.Jpg
Biscotti con Cereali e Frutta U! Confronta e Risparmia,,https://www.spesaonline.unes.it/p/15147,"1 conf 250g | 3,96 €/kg","0,99","3,96",,,https://unesretailprod.blob.core.windows.net/retail/SECCHI/SCATOLAME/15147/05C2A6AB-D1AE-489F-BE14-D3CB4978BF47_1_MEDIUM.Jpg
Snack Wafer alla Nocciola U! Confronta e Risparmia,,https://www.spesaonline.unes.it/p/44776,"1 conf 225g | 6,62 €/kg","1,49","6,62",,,https://unesretailprod.blob.core.windows.net/retail/SECCHI/SCATOLAME/44776/494D2158-0B05-4E0F-8AC0-EC4809C8F20A_1_MEDIUM.Jpg
Snack Wafer al Cacao U! Confronta e Risparmia,,https://www.spesaonline.unes.it/p/44773,"1 conf 225g | 6,62 €/kg","1,49","6,62",,,https://unesretailprod.blob.core.windows.net/retail/SECCHI/SCATOLAME/44773/1074998A-72CD-4A2B-B9E1-313921BEDAE2_1_MEDIUM.Jpg
Wafer al Cacao U! Confronta e Risparmia,,https://www.spesaonline.unes.it/p/27183,"1 conf 175g | 5,65 €/kg","0,99","5,65",,,https://unesretailprod.blob.core.windows.net/retail/SECCHI/SCATOLAME/27183/4C5C9F4B-17AA-4DA2-B5F8-215CFECF4FEE_1_MEDIUM.Jpg
Wafer alla Nocciola U! Confronta e Risparmia,,https://www.spesaonline.unes.it/p/27182,"1 conf 175g | 5,65 €/kg","0,99","5,65",,,https://unesretailprod.blob.core.windows.net/retail/SECCHI/SCATOLAME/27182/FC952ED9-D522-4BC1-85BB-0357070ECB05_1_MEDIUM.Jpg
Wafer alla Vaniglia U! Confronta e Risparmia,,https://www.spesaonline.unes.it/p/27179,"1 conf 175g | 5,65 €/kg","0,99","5,65",,,https://unesretailprod.blob.core.windows.net/retail/SECCHI/SCATOLAME/27179/95DD54D4-0143-4943-AE16-8260C05CFC44_1_MEDIUM.Jpg
Bran Sticks U! Confronta e Risparmia,,https://www.spesaonline.unes.it/p/734252,"1 conf 375g | 5,30 €/kg","1,99","5,30",,,https://unesretailprod.blob.core.windows.net/retail/SECCHI/SCATOLAME/734252/ED72F01E-6B79-459F-8215-DC47A82B9519_1_MEDIUM.Jpg
Cereali con Riso e Frumento Integrale U! Confronta e Risparmia,,https://www.spesaonline.unes.it/p/734251,"1 conf 375g | 5,57 €/kg","2,09","5,57",,,https://unesretailprod.blob.core.windows.net/retail/SECCHI/SCATOLAME/734251/61D457EF-4B10-4970-8C84-6272F7484A16_1_MEDIUM.Jpg
Bran Flakes U! Confronta e Risparmia,,https://www.spesaonline.unes.it/p/2859,"1 conf 375g | 5,04 €/kg","1,89","5,04",,,https://unesretailprod.blob.core.windows.net/retail/SECCHI/SCATOLAME/2859/C0F0C107-99C2-48A5-A2FD-62777E5E59B8_1_MEDIUM.Jpg
Cereali con Riso,Frumento Integrale e Cioccolato Fondente U! Confronta e Risparmia,https://www.spesaonline.unes.it/p/2843,"1 conf 300g | 8,30 €/kg","2,49","8,30",,,https://unesretailprod.blob.core.windows.net/retail/SECCHI/SCATOLAME/2843/396F9E3B-C27C-4F0E-88A6-57276B69D09B_1_MEDIUM.Jpg
Cereali con Riso,Frumento Integrale e Frutti Rossi U! Confronta e Risparmia,https://www.spesaonline.unes.it/p/10391,"1 conf 300g | 8,30 €/kg","2,49","8,30",,,https://unesretailprod.blob.core.windows.net/retail/SECCHI/SCATOLAME/10391/F0600B1D-DD57-4216-9510-C840040C0DE3_1_MEDIUM.Jpg
Choco Balls U! Confronta e Risparmia,,https://www.spesaonline.unes.it/p/734255,"1 conf 375g | 5,84 €/kg","2,19","5,84",,,https://unesretailprod.blob.core.windows.net/retail/SECCHI/SCATOLAME/734255/23646078-9D6E-42B4-BD97-F8C633AB8905_1_MEDIUM.Jpg
Choco Shell U! Confronta e Risparmia,,https://www.spesaonline.unes.it/p/67953,"1 conf 375g | 5,84 €/kg","2,19","5,84",,,https://unesretailprod.blob.core.windows.net/retail/SECCHI/SCATOLAME/67953/5AB102D8-9F07-41E5-950E-8C92335D41DA_1_MEDIUM.Jpg
Cocoa Rice U! Confronta e Risparmia,,https://www.spesaonline.unes.it/p/2860,"1 conf 375g | 5,84 €/kg","2,19","5,84",,,https://unesretailprod.blob.core.windows.net/retail/SECCHI/SCATOLAME/2860/03BCCA51-76B3-4395-9499-A40442D848EC_1_MEDIUM.Jpg
Corn Flakes U! Confronta e Risparmia,,https://www.spesaonline.unes.it/p/10206,"1 conf 375g | 4,50 €/kg","1,69","4,50",,,https://unesretailprod.blob.core.windows.net/retail/SECCHI/SCATOLAME/10206/C37B65C0-2770-4B9A-9D53-301A8E8BCD0D_1_MEDIUM.Jpg
Muesli con Frutta U! Confronta e Risparmia,,https://www.spesaonline.unes.it/p/734249,"1 conf 500g | 4,38 €/kg","2,19","4,38",,,https://unesretailprod.blob.core.windows.net/retail/SECCHI/SCATOLAME/734249/54CA0C13-B2BC-47DE-82C3-E8D298FB4C7F_1_MEDIUM.Jpg
Muesli Croccante con Cioccolato e Nocciole,375 g,https://www.spesaonline.unes.it/p/42936,"1 conf 375g | 6,64 €/kg","2,49","6,64",,,https://unesretailprod.blob.core.windows.net/retail/SECCHI/SCATOLAME/42936/B6C6C352-AA1F-4BA9-B034-7EB49EE6A5EE_1_MEDIUM.Jpg
Muescli Croccante con Uvetta e Nocciole,375 g,https://www.spesaonline.unes.it/p/42934,"1 conf 375g | 6,10 €/kg","2,29","6,10",,,https://unesretailprod.blob.core.windows.net/retail/SECCHI/SCATOLAME/42934/90595ECF-E1B5-466D-BCDE-713B2D3C1ED7_1_MEDIUM.Jpg
Cioccolato al Latte U! Confronta e Risparmia,,https://www.spesaonline.unes.it/p/58094,"1 conf 100g | 11,90 €/kg","1,19","11,90",,,https://unesretailprod.blob.core.windows.net/retail/SECCHI/SCATOLAME/58094/7F5D26F6-4896-48DC-984A-4A429139B199_1_MEDIUM.Jpg
Cioccolato Fondente Extra 72% U! Confronta e Risparmia,,https://www.spesaonline.unes.it/p/58098,"1 conf 100g | 11,90 €/kg","1,19","11,90",,,https://unesretailprod.blob.core.windows.net/retail/SECCHI/SCATOLAME/58098/799DEC87-176D-4075-86B2-2540531794C2_1_MEDIUM.Jpg
Cioccolato Fondente Extra 50% U! Confronta e Risparmia,,https://www.spesaonline.unes.it/p/58097,"1 conf 100g | 11,90 €/kg","1,19","11,90",,,https://unesretailprod.blob.core.windows.net/retail/SECCHI/SCATOLAME/58097/6B47FF85-789A-40FE-B37A-D69E5E01CE9B_1_MEDIUM.Jpg
Cioccolato Bianco U! Confronta e Risparmia,,https://www.spesaonline.unes.it/p/58096,"1 conf 100g | 11,90 €/kg","1,19","11,90",,,https://unesretailprod.blob.core.windows.net/retail/SECCHI/SCATOLAME/58096/B12B201D-5A21-4E61-9606-31A79659DB6E_1_MEDIUM.Jpg
4 Monoporzioni Confettura Extra di Fragole U! Confronta e Risparmia,,https://www.spesaonline.unes.it/p/50913,"1 conf 100g | 9,90 €/kg","0,99","9,90",,,https://unesretailprod.blob.core.windows.net/retail/SECCHI/SCATOLAME/50913/50AC2200-DBA4-4FC0-A4BB-957F3B6A404D_1_MEDIUM.Jpg
Confettura Extra di Fragole U! Confronta e Risparmia,,https://www.spesaonline.unes.it/p/10253,"1 conf 400g | 4,47 €/kg","1,79","4,47",,,https://unesretailprod.blob.core.windows.net/retail/SECCHI/SCATOLAME/10253/001E256B-1A96-4AEB-B383-561818569A73_1_MEDIUM.Jpg
Confettura Extra di Frutti di Bosco U! Confronta e Risparmia,,https://www.spesaonline.unes.it/p/10252,"1 conf 400g | 4,72 €/kg","1,89","4,72",,,https://unesretailprod.blob.core.windows.net/retail/SECCHI/SCATOLAME/10252/EC4B092E-F2EC-44E5-B512-14C2D77DDA95_1_MEDIUM.Jpg
4 Monoporzioni Confettura Extra di Pesche U! Confronta e Risparmia,,https://www.spesaonline.unes.it/p/50923,"1 conf 100g | 9,90 €/kg","0,99","9,90",,,https://unesretailprod.blob.core.windows.net/retail/SECCHI/SCATOLAME/50923/98593789-F18B-4C8F-9938-FD4E9BF5A2E8_1_MEDIUM.Jpg
4 Monoporzioni Confettura Extra di Ciliegie U! Confronta e Risparmia,,https://www.spesaonline.unes.it/p/50918,"1 conf 100g | 9,90 €/kg","0,99","9,90",,,https://unesretailprod.blob.core.windows.net/retail/SECCHI/SCATOLAME/50918/0B63F13D-A740-49B4-A721-26A7198335EE_1_MEDIUM.Jpg
4 Monoporzioni Confettura Extra di Albicocca U! Confronta e Risparmia,,https://www.spesaonline.unes.it/p/50911,"1 conf 100g | 9,90 €/kg","0,99","9,90",,,https://unesretailprod.blob.core.windows.net/retail/SECCHI/SCATOLAME/50911/68228DDF-54F9-45C2-92DF-0503FD0B0EE5_1_MEDIUM.Jpg
Confettura Extra di Albicocche U! Confronta e Risparmia,,https://www.spesaonline.unes.it/p/10256,"1 conf 400g | 4,47 €/kg","1,79","4,47",,,https://unesretailprod.blob.core.windows.net/retail/SECCHI/SCATOLAME/10256/D3D21618-2BB3-427E-819F-0A366F27F9D4_1_MEDIUM.Jpg
Confettura Extra di Pesche U! Confronta e Risparmia,,https://www.spesaonline.unes.it/p/10255,"1 conf 400g | 4,47 €/kg","1,79","4,47",,,https://unesretailprod.blob.core.windows.net/retail/SECCHI/SCATOLAME/10255/4CD0EE16-9473-459C-AFFC-6986564C7C90_1_MEDIUM.Jpg
Confettura Extra di Ciliegie U! Confronta e Risparmia,,https://www.spesaonline.unes.it/p/10254,"1 conf 400g | 4,47 €/kg","1,79","4,47",,,https://unesretailprod.blob.core.windows.net/retail/SECCHI/SCATOLAME/10254/A09F94E8-ADE0-4B78-91DC-20CA3FD197AD_1_MEDIUM.Jpg
Marmellata di Arancia U! Confronta e Risparmia,,https://www.spesaonline.unes.it/p/10251,"1 conf 400g | 4,47 €/kg","1,79","4,47",,,https://unesretailprod.blob.core.windows.net/retail/SECCHI/SCATOLAME/10251/D02458A1-D4D6-41FC-A88C-B4887971AF98_1_MEDIUM.Jpg
Miele Acacia U! Confronta e Risparmia,,https://www.spesaonline.unes.it/p/86683,"1 conf 750g | 13,32 €/kg","9,99","13,32",,,https://unesretailprod.blob.core.windows.net/retail/SECCHI/SCATOLAME/86683/349536A6-748E-4A6F-AFAB-03F04E7F30FC_1_MEDIUM.Jpg
Miele Millefiori U! Confronta e Risparmia,,https://www.spesaonline.unes.it/p/54516,"1 conf 1kg | 7,99 €/kg","7,99","7,99",,,https://unesretailprod.blob.core.windows.net/retail/SECCHI/SCATOLAME/54516/E254BA2C-FED4-4EC8-B38E-4EE476D2EDD5_1_MEDIUM.Jpg
Crema Spalmabile Bigusto alle Nocciole e al Latte U! Confronta e Risparmia,,https://www.spesaonline.unes.it/p/84106,"1 conf 400g | 4,97 €/kg","1,99","4,97",,,https://unesretailprod.blob.core.windows.net/retail/SECCHI/SCATOLAME/84106/C5D56676-A3D5-42F7-82D0-6ED215090CFC_1_MEDIUM.Jpg
Crema Spalmabile alle Nocciole U! Confronta e Risparmia,,https://www.spesaonline.unes.it/p/84105,"1 conf 750g | 4,78 €/kg","3,59","4,78",,,https://unesretailprod.blob.core.windows.net/retail/SECCHI/SCATOLAME/84105/ED376060-9E9B-4E87-BBCD-BE38F6717EF0_1_MEDIUM.Jpg
Crema Spalmabile alle Nocciole U! Confronta e Risparmia,,https://www.spesaonline.unes.it/p/84104,"1 conf 400g | 4,97 €/kg","1,99","4,97",,,https://unesretailprod.blob.core.windows.net/retail/SECCHI/SCATOLAME/84104/0D15A199-2499-404E-9114-3321C481B289_1_MEDIUM.Jpg
6 Treccine U! Confronta e Risparmia,,https://www.spesaonline.unes.it/p/83186,"1 conf 252g | 6,30 €/kg","1,59","6,30",,,https://unesretailprod.blob.core.windows.net/retail/SECCHI/SCATOLAME/83186/64379535-6639-4927-9108-623EE0835797_1_MEDIUM.Jpg
Crostata all'Albicocca U! Confronta e Risparmia,,https://www.spesaonline.unes.it/p/65434,"1 conf 500g | 5,98 €/kg","2,99","5,98",,,https://unesretailprod.blob.core.windows.net/retail/SECCHI/SCATOLAME/65434/5A19EF7A-B8A6-4D7E-86C5-99461585E364_1_MEDIUM.Jpg
Crostata ai Frutti di Bosco U! Confronta e Risparmia,,https://www.spesaonline.unes.it/p/65433,"1 conf 500g | 5,98 €/kg","2,99","5,98",,,https://unesretailprod.blob.core.windows.net/retail/SECCHI/SCATOLAME/65433/9742A0F0-07A9-4217-8FD1-C45D339BDFBB_1_MEDIUM.Jpg
6 Crostatine all' Albicocca U! Confronta e Risparmia,,https://www.spesaonline.unes.it/p/65429,"1 conf 240g | 6,20 €/kg","1,49","6,20",,,https://unesretailprod.blob.core.windows.net/retail/SECCHI/SCATOLAME/65429/9803E537-2D94-4E98-BA53-8280347A6BEE_1_MEDIUM.Jpg
6 Crostatine con Crema alle Nocciole e Cacao U! Confronta e Risparmia,,https://www.spesaonline.unes.it/p/65423,"1 conf 240g | 6,20 €/kg","1,49","6,20",,,https://unesretailprod.blob.core.windows.net/retail/SECCHI/SCATOLAME/65423/489BCCBE-A781-4EC7-8653-B23C61F67421_1_MEDIUM.Jpg
10 Merendine Ricoperte al Cacao e Farcite al Latte U! Confronta e Risparmia,,https://www.spesaonline.unes.it/p/44783,"1 conf 350g | 5,40 €/kg","1,89","5,40",,,https://unesretailprod.blob.core.windows.net/retail/SECCHI/SCATOLAME/44783/062E46DC-4F81-4F9F-ADDD-5B3C0EC33F1C_1_MEDIUM.Jpg
10 Merendine Farcite al Cacao U! Confronta e Risparmia,,https://www.spesaonline.unes.it/p/44780,"1 conf 280g | 4,60 €/kg","1,29","4,60",,,https://unesretailprod.blob.core.windows.net/retail/SECCHI/SCATOLAME/44780/1681A77E-6744-4ADB-95F4-9660E9DE4B0C_1_MEDIUM.Jpg
10 Merendine Farcite al Latte U! Confronta e Risparmia,,https://www.spesaonline.unes.it/p/44495,"1 conf 280g | 4,60 €/kg","1,29","4,60",,,https://unesretailprod.blob.core.windows.net/retail/SECCHI/SCATOLAME/44495/2FA32E7D-678E-4C3F-BF37-FCA90DCAC9B1_1_MEDIUM.Jpg
10 Plumcake con Yogurt Magro e Gocce di Cioccolato U! Confronta e Risparmia,,https://www.spesaonline.unes.it/p/26712,"1 conf 350g | 4,82 €/kg","1,69","4,82",,,https://unesretailprod.blob.core.windows.net/retail/SECCHI/SCATOLAME/26712/3DAAD258-3FB7-450B-A8AC-FB550976337B_1_MEDIUM.Jpg
10 Plumcake con Yogurt Magro U! Confronta e Risparmia,,https://www.spesaonline.unes.it/p/26711,"1 conf 330g | 5,12 €/kg","1,69","5,12",,,https://unesretailprod.blob.core.windows.net/retail/SECCHI/SCATOLAME/26711/5E655A2E-E102-4A0E-9491-9495EAF02769_1_MEDIUM.Jpg
Muffins 2x2 U! Confronta e Risparmia,,https://www.spesaonline.unes.it/p/14685,"1 conf 300g | 6,63 €/kg","1,99","6,63",,,https://unesretailprod.blob.core.windows.net/retail/SECCHI/SCATOLAME/14685/26A88284-D881-4094-9DFA-F9DC3410D40D_1_MEDIUM.Jpg
6 Fagottini con Farcitura al Cioccolato U! Confronta e Risparmia,,https://www.spesaonline.unes.it/p/11919,"1 conf 300g | 5,63 €/kg","1,69","5,63",,,https://unesretailprod.blob.core.windows.net/retail/SECCHI/SCATOLAME/11919/03FC2890-B64B-4532-B8A3-F6167D1474BF_1_MEDIUM.Jpg
6 Fagottini con Farcitura all'Albicocca U! Confronta e Risparmia,,https://www.spesaonline.unes.it/p/11918,"1 conf 300g | 5,63 €/kg","1,69","5,63",,,https://unesretailprod.blob.core.windows.net/retail/SECCHI/SCATOLAME/11918/421CF09A-2691-4E68-A23C-9CAF61B17DDC_1_MEDIUM.Jpg
6 Croissant Classico U! Confronta e Risparmia,,https://www.spesaonline.unes.it/p/83185,"1 conf 240g | 6,20 €/kg","1,49","6,20",,,https://unesretailprod.blob.core.windows.net/retail/SECCHI/SCATOLAME/83185/9A78D11D-EC69-486C-B95F-B255A66C5B03_1_MEDIUM.Jpg
6 Croissant con Farina Integrale U! Confronta e Risparmia,,https://www.spesaonline.unes.it/p/44903,"1 conf 240g | 7,04 €/kg","1,69","7,04",,,https://unesretailprod.blob.core.windows.net/retail/SECCHI/SCATOLAME/44903/FB566B04-8E5B-4E35-BDD0-1D10EB035F4B_1_MEDIUM.Jpg
6 Croissant con Farcitura Latte e Cioccolato U! Confronta e Risparmia,,https://www.spesaonline.unes.it/p/44784,"1 conf 300g | 4,96 €/kg","1,49","4,96",,,https://unesretailprod.blob.core.windows.net/retail/SECCHI/SCATOLAME/44784/A96E7BCE-BF3B-4AAC-96C5-189098F66A18_1_MEDIUM.Jpg
Minibrioche con Farcitura all' Albicocca U! Confronta e Risparmia,,https://www.spesaonline.unes.it/p/44412,"1 conf 150g | 6,60 €/kg","0,99","6,60",,,https://unesretailprod.blob.core.windows.net/retail/SECCHI/SCATOLAME/44412/6BAE3F41-003D-4B73-B221-AFDEDD6D193E_1_MEDIUM.Jpg
Minibrioche con Farcitura al Cioccolato U! Confronta e Risparmia,,https://www.spesaonline.unes.it/p/44411,"1 conf 150g | 6,60 €/kg","0,99","6,60",,,https://unesretailprod.blob.core.windows.net/retail/SECCHI/SCATOLAME/44411/CE844DD0-ECCE-4C03-9DDE-7418A4E698C5_1_MEDIUM.Jpg
6 Croissant con Farcitura alla Crema U! Confronta e Risparmia,,https://www.spesaonline.unes.it/p/40319,"1 conf 300g | 4,96 €/kg","1,49","4,96",,,https://unesretailprod.blob.core.windows.net/retail/SECCHI/SCATOLAME/40319/B4C6D80A-A049-4A7B-A6B7-F9D13EAD11B1_1_MEDIUM.Jpg
10 Croissant Classico U! Confronta e Risparmia,,https://www.spesaonline.unes.it/p/13216,"1 conf 400g | 4,97 €/kg","1,99","4,97",,,https://unesretailprod.blob.core.windows.net/retail/SECCHI/SCATOLAME/13216/1AF12C70-136E-49D5-AB69-F592B87C181A_1_MEDIUM.Jpg
6 Croissant con Farcitura alla Ciliegia U! Confronta e Risparmia,,https://www.spesaonline.unes.it/p/11917,"1 conf 300g | 4,96 €/kg","1,49","4,96",,,https://unesretailprod.blob.core.windows.net/retail/SECCHI/SCATOLAME/11917/B8A5314C-3912-473A-B63E-F6BDCBE076AC_1_MEDIUM.Jpg
6 Croissant con Farcitura al Cioccolato U! Confronta e Risparmia,,https://www.spesaonline.unes.it/p/11916,"1 conf 300g | 4,96 €/kg","1,49","4,96",,,https://unesretailprod.blob.core.windows.net/retail/SECCHI/SCATOLAME/11916/03348D46-F124-4C06-BBD7-82396D14AA24_1_MEDIUM.Jpg
6 Croissant con Farcitura Albicocca U! Confronta e Risparmia,,https://www.spesaonline.unes.it/p/11915,"1 conf 300g | 4,96 €/kg","1,49","4,96",,,https://unesretailprod.blob.core.windows.net/retail/SECCHI/SCATOLAME/11915/8746A636-1835-4079-B4A6-E8F7B76678A0_1_MEDIUM.Jpg
Cioccolata Calda U! Confronta e Risparmia,,https://www.spesaonline.unes.it/p/91298,"1 conf 125g | 9,52 €/kg","1,19","9,52",,,https://unesretailprod.blob.core.windows.net/retail/SECCHI/SCATOLAME/91298/8EB3BD1E-AE5B-4157-8809-29B04244356F_1_MEDIUM.Jpg
Cacao Zuccherato U! Confronta e Risparmia,,https://www.spesaonline.unes.it/p/43927,"1 conf 75g | 11,33 €/kg","0,85","11,33",,,https://unesretailprod.blob.core.windows.net/retail/SECCHI/SCATOLAME/43927/3507F296-63FC-4D83-A39B-31410DE35E2B_1_MEDIUM.Jpg
2 Preparato per Crème Caramel U! Confronta e Risparmia,,https://www.spesaonline.unes.it/p/37266,"1 conf 200g | 5,95 €/kg","1,19","5,95",,,https://unesretailprod.blob.core.windows.net/retail/SECCHI/SCATOLAME/37266/ACFDA9D3-4B8A-4F26-89B2-3D4529641D7D_1_MEDIUM.Jpg
Preparato per Panna Cotta U! Confronta e Risparmia,,https://www.spesaonline.unes.it/p/35762,"1 conf 90g | 8,77 €/kg","0,79","8,77",,,https://unesretailprod.blob.core.windows.net/retail/SECCHI/SCATOLAME/35762/6E949000-4F4A-448E-8244-62F4659C689F_1_MEDIUM.Jpg
Preparato per Budino Gusto Vaniglia U! Confronta e Risparmia,,https://www.spesaonline.unes.it/p/35603,"1 conf 65g | 10,61 €/kg","0,69","10,61",,,https://unesretailprod.blob.core.windows.net/retail/SECCHI/SCATOLAME/35603/36AF591D-F757-4E0D-B94E-E2F42C2DC0C0_1_MEDIUM.Jpg
Preparato per Budino Gusto Cioccolato U! Confronta e Risparmia,,https://www.spesaonline.unes.it/p/35602,"1 conf 90g | 7,22 €/kg","0,65","7,22",,,https://unesretailprod.blob.core.windows.net/retail/SECCHI/SCATOLAME/35602/B09E0C89-FD3C-47D8-9211-99736FE84DA2_1_MEDIUM.Jpg
2 Preparato Budino Gusto Cioccolato da Zuccherare U! Confronta e Risparmia,,https://www.spesaonline.unes.it/p/35598,"1 conf 90g | 7,66 €/kg","0,69","7,66",,,https://unesretailprod.blob.core.windows.net/retail/SECCHI/SCATOLAME/35598/80359196-95CD-42DA-9AE7-E2FE872CC35F_1_MEDIUM.Jpg
2 Preparato Budino Gusto Vaniglia da Zuccherare U! Confronta e Risparmia,,https://www.spesaonline.unes.it/p/35596,"1 conf 70g | 9,85 €/kg","0,69","9,85",,,https://unesretailprod.blob.core.windows.net/retail/SECCHI/SCATOLAME/35596/1E3BB490-4CC2-4C6D-AF65-5A4A208A2649_1_MEDIUM.Jpg
FECOLA DI PATATE U! Confronta e Risparmia,,https://www.spesaonline.unes.it/p/44221,"1 conf 250g | 3,16 €/kg","0,79","3,16",,,https://unesretailprod.blob.core.windows.net/retail/SECCHI/SCATOLAME/44221/FCE84D39-B8F0-4396-A5EC-268D94F0A2CE_1_MEDIUM.Jpg
Zucchero a Velo U! Confronta e Risparmia,,https://www.spesaonline.unes.it/p/13468,"1 conf 125g | 4,72 €/kg","0,59","4,72",,,https://unesretailprod.blob.core.windows.net/retail/SECCHI/SCATOLAME/13468/8859A0A0-CCC7-4C65-87B2-C6696D4A815A_1_MEDIUM.Jpg
Lievito U! Confronta e Risparmia,,https://www.spesaonline.unes.it/p/13466,"1 conf 48g | 14,37 €/kg","0,69","14,37",,,https://unesretailprod.blob.core.windows.net/retail/SECCHI/SCATOLAME/13466/1A17CFCD-A6AD-4F4C-829B-591E74F614F8_1_MEDIUM.Jpg
Ciocco Snack U! Confronta e Risparmia,,https://www.spesaonline.unes.it/p/86688,"1 conf 250g | 11,56 €/kg","2,89","11,56",,,https://unesretailprod.blob.core.windows.net/retail/SECCHI/SCATOLAME/86688/770D7A07-AB6A-4B15-8346-7D24E798F286_1_MEDIUM.Jpg
Mega Biscotti Ripieni con Crema al Cacao U! Confronta e Risparmia,,https://www.spesaonline.unes.it/p/50037,"1 conf 500g | 2,98 €/kg","1,49","2,98",,,https://unesretailprod.blob.core.windows.net/retail/SECCHI/SCATOLAME/50037/F4B33F7A-F6CF-49C0-B3C0-9C32A32C3AA3_1_MEDIUM.Jpg
Biscotti Ricoperti di Cioccolato al Latte U! Confronta e Risparmia,,https://www.spesaonline.unes.it/p/50036,"1 conf 125g | 15,12 €/kg","1,89","15,12",,,https://unesretailprod.blob.core.windows.net/retail/SECCHI/SCATOLAME/50036/E4822F86-0E5F-4E49-9A79-C14D7DCEB0FB_1_MEDIUM.Jpg
Biscotti Ripieni con Crema al Cacao U! Confronta e Risparmia,,https://www.spesaonline.unes.it/p/44772,"1 conf 150g | 8,60 €/kg","1,29","8,60",,,https://unesretailprod.blob.core.windows.net/retail/SECCHI/SCATOLAME/44772/A86B7CC5-C74D-4AB8-925B-72D264CE0097_1_MEDIUM.Jpg
Biscotti Ripieni con Crema alla Nocciola U! Confronta e Risparmia,,https://www.spesaonline.unes.it/p/44771,"1 conf 150g | 8,60 €/kg","1,29","8,60",,,https://unesretailprod.blob.core.windows.net/retail/SECCHI/SCATOLAME/44771/DA1E7702-4B28-4A51-A3CC-D60EAF030E20_1_MEDIUM.Jpg
Savoiardi U! Confronta e Risparmia,,https://www.spesaonline.unes.it/p/44220,"1 conf 400g | 3,97 €/kg","1,59","3,97",,,https://unesretailprod.blob.core.windows.net/retail/SECCHI/SCATOLAME/44220/6B8BD0E3-5488-4654-97F6-73D004C05F7D_1_MEDIUM.Jpg
Amaretti U! Confronta e Risparmia,,https://www.spesaonline.unes.it/p/13072,"1 conf 200g | 5,45 €/kg","1,09","5,45",,,https://unesretailprod.blob.core.windows.net/retail/SECCHI/SCATOLAME/13072/8C605216-07C7-4D69-BC42-E09A58F85B45_1_MEDIUM.Jpg
Caramelle al Gusto Menta U! Confronta e Risparmia,,https://www.spesaonline.unes.it/p/93068,"1 conf 150g | 8,33 €/kg","1,25","8,33",,,https://unesretailprod.blob.core.windows.net/retail/SECCHI/SCATOLAME/93068/83A40595-79ED-4BE9-AB3D-9A758AFD37EA_1_MEDIUM.Jpg
Caramelle Ripiene Assortite alla Frutta U! Confronta e Risparmia,,https://www.spesaonline.unes.it/p/84509,"1 conf 150g | 8,33 €/kg","1,25","8,33",,,https://unesretailprod.blob.core.windows.net/retail/SECCHI/SCATOLAME/84509/5B7B3FA4-B033-494B-8166-B76B0ECC6B22_1_MEDIUM.Jpg
Caramelle Ripiene al Gusto Menta U! Confronta e Risparmia,,https://www.spesaonline.unes.it/p/82273,"1 conf 150g | 8,33 €/kg","1,25","8,33",,,https://unesretailprod.blob.core.windows.net/retail/SECCHI/SCATOLAME/82273/AA71B85A-33D0-4A8F-890B-56839495E26D_1_MEDIUM.Jpg
Caramelle ai Gusti Arancia e Limone U! Confronta e Risparmia,,https://www.spesaonline.unes.it/p/80852,"1 conf 150g | 8,33 €/kg","1,25","8,33",,,https://unesretailprod.blob.core.windows.net/retail/SECCHI/SCATOLAME/80852/C2A75857-E965-49F4-9515-D32EDF8A50C1_1_MEDIUM.Jpg
Toffees Assortite alla Frutta U! Confronta e Risparmia,,https://www.spesaonline.unes.it/p/87747,"1 conf 150g | 8,60 €/kg","1,29","8,60",,,https://unesretailprod.blob.core.windows.net/retail/SECCHI/SCATOLAME/87747/3C5F54D9-DB9C-4BD2-B20B-F5CFFD5F1F82_1_MEDIUM.Jpg
Caramelle Mou U! Confronta e Risparmia,,https://www.spesaonline.unes.it/p/79155,"1 conf 150g | 8,60 €/kg","1,29","8,60",,,https://unesretailprod.blob.core.windows.net/retail/SECCHI/SCATOLAME/79155/9F470888-D04E-4947-936B-928133051F01_1_MEDIUM.Jpg
200 BASTONCINI DI CARTA COTONATI 100% PURO COTONE U! Confronta & Risparmia,,https://www.spesaonline.unes.it/p/6840,"1,39 €/pz","1,39","1,39",,,https://unesretailprod.blob.core.windows.net/retail/SECCHI/NON%20FOOD/6840/21E52968-CFAF-4A4F-8939-0E4F84864EA0_1_MEDIUM.Jpg
60 BASTONCINI DI CARTA COTONATI BABY CARE 100% PURO COTONE U! Confronta & Risparmia,,https://www.spesaonline.unes.it/p/6839,"1,09 €/pz","1,09","1,09",,,https://unesretailprod.blob.core.windows.net/retail/SECCHI/NON%20FOOD/6839/F11D0326-AE1A-4CE9-A569-BC11128A944D_1_MEDIUM.Jpg
100 BASTONCINI DI CARTA COTONATI 100% PURO COTONE U! Confronta & Risparmia,,https://www.spesaonline.unes.it/p/6838,"0,89 €/pz","0,89","0,89",,,https://unesretailprod.blob.core.windows.net/retail/SECCHI/NON%20FOOD/6838/C4F0692E-4535-472B-BF30-C4F254360E3A_1_MEDIUM.Jpg
64 Baby Care Sensitive U! Confronta e Risparmia,,https://www.spesaonline.unes.it/p/8021,"1,89 €/pz","1,89","1,89",,,https://unesretailprod.blob.core.windows.net/retail/SECCHI/NON%20FOOD/8021/BEF31457-147A-4692-A5CA-AFD6549E873D_1_MEDIUM.Jpg
20 Salviette Baby Care U! Confronta e Risparmia,,https://www.spesaonline.unes.it/p/6848,"1,15 €/pz","1,15","1,15",,,https://unesretailprod.blob.core.windows.net/retail/SECCHI/NON%20FOOD/6848/E5181735-E671-47C2-B7F7-C36C866E546B_1_MEDIUM.Jpg
100 Salviette Baby Care U! Confronta e Risparmia,,https://www.spesaonline.unes.it/p/42477,"2,09 €/pz","2,09","2,09",,,https://unesretailprod.blob.core.windows.net/retail/SECCHI/NON%20FOOD/42477/C991F4E9-4600-49A9-9DDF-773A4BD19253_1_MEDIUM.Jpg
Spazzolino Extra Sensitive U! Confronta e Risparmia,,https://www.spesaonline.unes.it/p/82238,"1,29 €/pz","1,29","1,29",,,https://unesretailprod.blob.core.windows.net/retail/SECCHI/NON%20FOOD/82238/578E5C5F-3697-4451-9E81-960B059B1A19_1_MEDIUM.Jpg
44 PANNOLINI BABY CARE JUNIOR DRY COMFORT 11-25 KG U! Confronta & Risparmia,,https://www.spesaonline.unes.it/p/43490,"7,49 €/pz","7,49","7,49",,,https://unesretailprod.blob.core.windows.net/retail/SECCHI/NON%20FOOD/43490/B30D720D-50BA-4649-8957-5515DD270A04_1_MEDIUM.Jpg
50 PANNOLINI BABY CARE MAXI DRY COMFORT 7-18 KG U! Confronta & Risparmia,,https://www.spesaonline.unes.it/p/43489,"7,49 €/pz","7,49","7,49",,,https://unesretailprod.blob.core.windows.net/retail/SECCHI/NON%20FOOD/43489/166C67F6-4E92-4081-B40E-EBE44BDAA343_1_MEDIUM.Jpg
16 PANNOLINI BABY CARE JUNIOR DRY COMFORT 11-25 KG U! Confronta & Risparmia,,https://www.spesaonline.unes.it/p/40640,"3,59 €/pz","3,59","3,59",,,https://unesretailprod.blob.core.windows.net/retail/SECCHI/NON%20FOOD/40640/DC94A923-8B8D-4A7D-9D8C-24F709E9EA25_1_MEDIUM.Jpg
18 PANNOLINI BABY CARE MAXI DRY COMFORT 7-18 KG U! Confronta & Risparmia,,https://www.spesaonline.unes.it/p/40639,"3,59 €/pz","3,59","3,59",,,https://unesretailprod.blob.core.windows.net/retail/SECCHI/NON%20FOOD/40639/31EE6C91-65D5-430B-B569-9B14A3C4A452_1_MEDIUM.Jpg
20 PANNOLINI BABY CARE MIDI DRY COMFORT 4-9 KG U! Confronta & Risparmia,,https://www.spesaonline.unes.it/p/40638,"3,59 €/pz","3,59","3,59",,,https://unesretailprod.blob.core.windows.net/retail/SECCHI/NON%20FOOD/40638/3C4D7478-A3F6-4CF0-9EE3-8B4DE359D8A7_1_MEDIUM.Jpg
14 PANNOLINI BABY CARE EXTRA LARGE DRY COMFORT 15-30 KG U! Confronta & Risparmia,,https://www.spesaonline.unes.it/p/40637,"3,59 €/pz","3,59","3,59",,,https://unesretailprod.blob.core.windows.net/retail/SECCHI/NON%20FOOD/40637/7117FFB3-F2F7-4C56-B78C-8357F57E2E20_1_MEDIUM.Jpg
Bagnoschiuma Olio di Argan Estetique U! Confronta e Risparmia,,https://www.spesaonline.unes.it/p/49098,"2,25 €/l","1,69","2,25",,,https://unesretailprod.blob.core.windows.net/retail/SECCHI/NON%20FOOD/49098/0BF5BB74-0C37-4BBD-B73D-D53CFDC38D0E_1_MEDIUM.Jpg
Bagnoschiuma Muschio Bianco e Fiori Bianchi Estetique U! Confronta e Risparmia,,https://www.spesaonline.unes.it/p/4310,"2,25 €/l","1,69","2,25",,,https://unesretailprod.blob.core.windows.net/retail/SECCHI/NON%20FOOD/4310/352E0D7A-46F9-4E93-9509-E88F0529978D_1_MEDIUM.Jpg
Bagnoschiuma Aloe Vera e Mandorle Dolci Estetique U! Confronta e Risparmia,,https://www.spesaonline.unes.it/p/4309,"2,25 €/l","1,69","2,25",,,https://unesretailprod.blob.core.windows.net/retail/SECCHI/NON%20FOOD/4309/2A2B686A-779F-4005-A3F9-CB8800C6A06C_1_MEDIUM.Jpg
Doccia Shampoo Energizzante Ginseng e Guaranà Estetique U! Confronta e Risparmia,,https://www.spesaonline.unes.it/p/48087,"3,63 €/l","1,09","3,63",,,https://unesretailprod.blob.core.windows.net/retail/SECCHI/NON%20FOOD/48087/0D5628D7-F8CF-46CC-A318-DE705FCFFF0A_1_MEDIUM.Jpg
Detergente Intimo Malva e Camomilla Estetique U! Confronta e Risparmia,,https://www.spesaonline.unes.it/p/48541,"4,96 €/l","1,49","4,96",,,https://unesretailprod.blob.core.windows.net/retail/SECCHI/NON%20FOOD/48541/F13E1080-2B2A-45DC-9D3E-5289F065DA9B_1_MEDIUM.Jpg
Detergente Intimo Calendula Estetique U! Confronta e Risparmia,,https://www.spesaonline.unes.it/p/40456,"4,96 €/l","1,49","4,96",,,https://unesretailprod.blob.core.windows.net/retail/SECCHI/NON%20FOOD/40456/240C007D-1AD2-416F-9FDA-89BF8381A6F6_1_MEDIUM.Jpg
Sapone Liquido Vellutante Olio di Argan Estetique U! Confronta e Risparmia,,https://www.spesaonline.unes.it/p/49284,"2,98 €/l","1,49","2,98",,,https://unesretailprod.blob.core.windows.net/retail/SECCHI/NON%20FOOD/49284/E1897D5B-2613-4638-9B7A-769C94FECD2D_1_MEDIUM.Jpg
Ricarica Sapone Liquido Vellutante Olio di Argan Estetique U! Confronta e Risparmia,,https://www.spesaonline.unes.it/p/48540,"1,85 €/l","1,85","1,85",,,https://unesretailprod.blob.core.windows.net/retail/SECCHI/NON%20FOOD/48540/6FF8DB1E-6C78-407B-929F-8964400933F7_1_MEDIUM.Jpg
Ricarica Sapone Liquido Rilassante Muschio Bianco Fiori di Cotone Estetique U! Confronta e Risparmia,,https://www.spesaonline.unes.it/p/4315,"1,85 €/l","1,85","1,85",,,https://unesretailprod.blob.core.windows.net/retail/SECCHI/NON%20FOOD/4315/4588BF69-52C7-4E49-932B-2664A03AFBC3_1_MEDIUM.Jpg
Sapone Liquido Rilassante Muschio Bianco e Fiori di Cotone Estetique U! Confronta e Risparmia,,https://www.spesaonline.unes.it/p/4305,"2,98 €/l","1,49","2,98",,,https://unesretailprod.blob.core.windows.net/retail/SECCHI/NON%20FOOD/4305/A58F9C17-D8D6-4EA8-A426-2A94AE216143_1_MEDIUM.Jpg
Sapone Liquido Rinfrescante Aloe Vera e Mandorle Dolci Estetique U! Confronta e Risparmia,,https://www.spesaonline.unes.it/p/4303,"2,98 €/l","1,49","2,98",,,https://unesretailprod.blob.core.windows.net/retail/SECCHI/NON%20FOOD/4303/C22A888E-1790-44C5-B134-DA64C3B1348F_1_MEDIUM.Jpg
80 Veline 4 Veli U! Confronta e Risparmia,,https://www.spesaonline.unes.it/p/88160,"1,39 €/pz","1,39","1,39",,,https://unesretailprod.blob.core.windows.net/retail/SECCHI/NON%20FOOD/88160/15EF5AF0-63C2-4B15-8C41-9A280E8B4DE1_1_MEDIUM.Jpg
150 Veline 2 Veli U! Confronta e Risparmia,,https://www.spesaonline.unes.it/p/6876,"1,25 €/pz","1,25","1,25",,,https://unesretailprod.blob.core.windows.net/retail/SECCHI/NON%20FOOD/6876/850894F0-68D3-4330-A8CC-D75584BE2CF1_1_MEDIUM.Jpg
Fazzoletti Decorati Cartoon 4 Veli,6 Pacchetti,https://www.spesaonline.unes.it/p/67492,"1,39 €/pz","1,39","1,39",,,https://unesretailprod.blob.core.windows.net/retail/SECCHI/NON%20FOOD/67492/0EF38179-95D5-4650-A53F-82DCADFDE7FD_1_MEDIUM.Jpg
20 Salviette Rinfrescanti Milleusi U! Confronta e Risparmia,,https://www.spesaonline.unes.it/p/44674,"0,99 €/pz","0,99","0,99",,,https://unesretailprod.blob.core.windows.net/retail/SECCHI/NON%20FOOD/44674/53B77144-0722-4C06-BD8F-034F46C72AA1_1_MEDIUM.Jpg
20 SALVIETTE INTIME DETERGENTI E RINFRESCANTI U! Confronta & Risparmia,,https://www.spesaonline.unes.it/p/41371,"0,99 €/pz","0,99","0,99",,,https://unesretailprod.blob.core.windows.net/retail/SECCHI/NON%20FOOD/41371/F0946639-9B47-4BE6-8634-D5711407C8D7_1_MEDIUM.Jpg
10 Pacchetti di Fazzoletti Profumati 4 Veli U! Confronta e Risparmia,,https://www.spesaonline.unes.it/p/27766,"1,69 €/pz","1,69","1,69",,,https://unesretailprod.blob.core.windows.net/retail/SECCHI/NON%20FOOD/27766/D9231148-CCCA-4B0E-A61F-C6DC69DF2B25_1_MEDIUM.Jpg
30 Pacchetti di Fazzoletti 4 Veli U! Confronta e Risparmia,,https://www.spesaonline.unes.it/p/24717,"2,99 €/pz","2,99","2,99",,,https://unesretailprod.blob.core.windows.net/retail/SECCHI/NON%20FOOD/24717/3D351FE0-3B70-4DEE-9517-7E3E24773814_1_MEDIUM.Jpg
10 Pacchetti di Fazzoletti 4 veli U! Confronta e Risparmia,,https://www.spesaonline.unes.it/p/17749,"1,39 €/pz","1,39","1,39",,,https://unesretailprod.blob.core.windows.net/retail/SECCHI/NON%20FOOD/17749/A16C0F2C-3B77-4863-ADB3-0258B0B686EE_1_MEDIUM.Jpg
Spugna Corpo in Cellulosa Naturale U! Confronta e Risparmia,,https://www.spesaonline.unes.it/p/21262,"1,80 €/pz","1,80","1,80",,,https://unesretailprod.blob.core.windows.net/retail/SECCHI/NON%20FOOD/21262/3FDCD559-B6D1-4B0E-A63E-626760068D9A_1_MEDIUM.Jpg
Spugna Massaggio U! Confronta e Risparmia,,https://www.spesaonline.unes.it/p/21259,"0,99 €/pz","0,99","0,99",,,https://unesretailprod.blob.core.windows.net/retail/SECCHI/NON%20FOOD/21259/EC7CC590-CE19-404B-B01F-D9D0FED1F180_1_MEDIUM.Jpg
70 DISCHETTI LEVATRUCCO DOUBLE FACE VISO E OCCHI 100% PURO COTONE U! Confronta & Risparmia,,https://www.spesaonline.unes.it/p/43530,"0,89 €/pz","0,89","0,89",,,https://unesretailprod.blob.core.windows.net/retail/SECCHI/NON%20FOOD/43530/B434FA7F-3434-42B2-9589-33B797A6D01E_1_MEDIUM.Jpg
25 Salviette Struccanti Viso e Occhi U! Confronta e Risparmia,,https://www.spesaonline.unes.it/p/41370,"1,49 €/pz","1,49","1,49",,,https://unesretailprod.blob.core.windows.net/retail/SECCHI/NON%20FOOD/41370/776A9D68-A523-4AD1-A4CF-0743DCE8C4E7_1_MEDIUM.Jpg
OVALI VISO DEMAQUILLAGE 2 PZ U! Confronta & Risparmia,,https://www.spesaonline.unes.it/p/21257,"0,99 €/pz","0,99","0,99",,,https://unesretailprod.blob.core.windows.net/retail/SECCHI/NON%20FOOD/21257/6725BE54-D535-447F-B275-A04E9D1BA4D1_1_MEDIUM.Jpg
Kit da Viaggio Total Care U! Confronta e Risparmia,,https://www.spesaonline.unes.it/p/82230,"2,49 €/pz","2,49","2,49",,,https://unesretailprod.blob.core.windows.net/retail/SECCHI/NON%20FOOD/82230/89AFED69-FE06-4DAD-851A-1F2D630EBA46_1_MEDIUM.Jpg
Kit da Viaggio Ricariche Dentifricio U! Confronta e Risparmia,,https://www.spesaonline.unes.it/p/82229,"1,79 €/pz","1,79","1,79",,,https://unesretailprod.blob.core.windows.net/retail/SECCHI/NON%20FOOD/82229/8688358E-E635-4439-9E8A-D04E157524DA_1_MEDIUM.Jpg
DENTIFRICIO SENSIBLE CARE U! Confronta e Risparmia,,https://www.spesaonline.unes.it/p/75522,"15,86 €/l","1,19","15,86",,,https://unesretailprod.blob.core.windows.net/retail/SECCHI/NON%20FOOD/75522/8C42A438-B0B8-4BC9-B573-E68CAD6B2225_1_MEDIUM.Jpg
DENTIFRICIO WHITENING U! Confronta e Risparmia,,https://www.spesaonline.unes.it/p/75521,"15,86 €/l","1,19","15,86",,,https://unesretailprod.blob.core.windows.net/retail/SECCHI/NON%20FOOD/75521/A734EDCC-421E-4F14-BAEB-E500076C3365_1_MEDIUM.Jpg
DENTIFRICIO TOTAL CARE U! Confronta e Risparmia,,https://www.spesaonline.unes.it/p/75519,"15,86 €/l","1,19","15,86",,,https://unesretailprod.blob.core.windows.net/retail/SECCHI/NON%20FOOD/75519/E90474F1-CB44-4352-B76D-3EAFE0807FC8_1_MEDIUM.Jpg
Collutorio Sensible Care U! Confronta e Risparmia,,https://www.spesaonline.unes.it/p/75526,"3,38 €/l","1,69","3,38",,,https://unesretailprod.blob.core.windows.net/retail/SECCHI/NON%20FOOD/75526/34E779E1-98E7-4010-99DB-C66F674FE7DD_1_MEDIUM.Jpg
Collutorio Everyday Fresh U! Confronta e Risparmia,,https://www.spesaonline.unes.it/p/75524,"3,38 €/l","1,69","3,38",,,https://unesretailprod.blob.core.windows.net/retail/SECCHI/NON%20FOOD/75524/15704650-4BAD-4188-9D27-046FF070DFD9_1_MEDIUM.Jpg
Spazzolino Extra Protection Setole Dure U! Confronta e Risparmia,,https://www.spesaonline.unes.it/p/82234,"0,99 €/pz","0,99","0,99",,,https://unesretailprod.blob.core.windows.net/retail/SECCHI/NON%20FOOD/82234/822A1343-654F-4950-88A6-CDE0ADBE0FFE_1_MEDIUM.Jpg
Spazzolino Extra Protection Setole Medie U! Confronta e Risparmia,,https://www.spesaonline.unes.it/p/82233,"0,99 €/pz","0,99","0,99",,,https://unesretailprod.blob.core.windows.net/retail/SECCHI/NON%20FOOD/82233/2F7C6E43-F9F9-4190-ACB3-A2E95C438E89_1_MEDIUM.Jpg
3 Spazzolini Azione Interdentale U! Confronta e Risparmia,,https://www.spesaonline.unes.it/p/82232,"1,65 €/pz","1,65","1,65",,,https://unesretailprod.blob.core.windows.net/retail/SECCHI/NON%20FOOD/82232/53AE1251-9F22-4646-9FA4-F22725BF698F_1_MEDIUM.Jpg
Spazzolino Extra Whitening U! Confronta e Risparmia,,https://www.spesaonline.unes.it/p/82231,"1,19 €/pz","1,19","1,19",,,https://unesretailprod.blob.core.windows.net/retail/SECCHI/NON%20FOOD/82231/BC8651B7-E75E-438C-BDC2-D7CCA5B1EAAB_1_MEDIUM.Jpg
Spazzolino Extra Junior U! Confronta e Risparmia,,https://www.spesaonline.unes.it/p/82228,"0,99 €/pz","0,99","0,99",,,https://unesretailprod.blob.core.windows.net/retail/SECCHI/NON%20FOOD/82228/EE687CE2-29F3-4B1B-8F6A-5D7F47459EF8_1_MEDIUM.Jpg
6 Scovolini Medie U! Confronta e Risparmia,,https://www.spesaonline.unes.it/p/82237,"2,79 €/pz","2,79","2,79",,,https://unesretailprod.blob.core.windows.net/retail/SECCHI/NON%20FOOD/82237/15BBBDFB-EC7E-4D6A-B55A-05D7FE7C4C97_1_MEDIUM.Jpg
6 Scovolini Fini U! Confronta e Risparmia,,https://www.spesaonline.unes.it/p/82236,"2,79 €/pz","2,79","2,79",,,https://unesretailprod.blob.core.windows.net/retail/SECCHI/NON%20FOOD/82236/D517A026-9568-48B6-B5DC-135D619E16C7_1_MEDIUM.Jpg
Filo Interdentale Exapanding U! Confronta e Risparmia,,https://www.spesaonline.unes.it/p/82227,"0,05 €/m","1,39","0,05",,,https://unesretailprod.blob.core.windows.net/retail/SECCHI/NON%20FOOD/82227/2823B396-D412-4FE0-BEC9-E340518765D3_1_MEDIUM.Jpg
Filo Interdentale Extra Piatto U! Confronta e Risparmia,,https://www.spesaonline.unes.it/p/82226,"0,02 €/m","1,39","0,02",,,https://unesretailprod.blob.core.windows.net/retail/SECCHI/NON%20FOOD/82226/83F179BE-E8B4-47C7-97B5-D18EA246181E_1_MEDIUM.Jpg
Shampoo Capelli Ricci e Crespi Theoria Proline U! Confronta e Risparmia,,https://www.spesaonline.unes.it/p/4047,"6,76 €/l","1,69","6,76",,,https://unesretailprod.blob.core.windows.net/retail/SECCHI/NON%20FOOD/4047/0A647EC8-6EAB-46B1-8866-9E65D834DAF6_1_MEDIUM.Jpg
Balsamo Cheratina e Olio di Argan Eco Spray Capelli Colorati Theoria Proline U! Confronta e Risparmi,,https://www.spesaonline.unes.it/p/48276,"11,96 €/l","2,99","11,96",,,https://unesretailprod.blob.core.windows.net/retail/SECCHI/NON%20FOOD/48276/9E33DF4F-6F0D-49F8-8710-F957F08133C6_1_MEDIUM.Jpg
Crema Colorante 06 Biondo Scuro Theoria Proline U! Confronta e Risparmia,,https://www.spesaonline.unes.it/p/4028,"3,99 €/pz","3,99","3,99",,,https://unesretailprod.blob.core.windows.net/retail/SECCHI/NON%20FOOD/4028/435FEC5D-AC7F-43C7-A0B9-72CE9457F967_1_MEDIUM.Jpg
Micro Emulsione Effetto Liscio Theoria Proline U! Confronta e Risparmia,,https://www.spesaonline.unes.it/p/4070,"39,80 €/l","1,99","39,80",,,https://unesretailprod.blob.core.windows.net/retail/SECCHI/NON%20FOOD/4070/B2ABC2B6-4F46-4EED-9C39-5D811495DAEC_1_MEDIUM.Jpg
Style Gel Theoria Proline U! Confronta e Risparmia,,https://www.spesaonline.unes.it/p/4069,"11,26 €/l","1,69","11,26",,,https://unesretailprod.blob.core.windows.net/retail/SECCHI/NON%20FOOD/4069/AAB2BB1A-1B49-4C35-AC92-38BD8D709B2B_1_MEDIUM.Jpg
Hairspray 00 No-Gas Forte Theoria Proline U! Confronta e Risparmia,,https://www.spesaonline.unes.it/p/4068,"8,63 €/l","2,59","8,63",,,https://unesretailprod.blob.core.windows.net/retail/SECCHI/NON%20FOOD/4068/1F626EFA-F823-4603-AE7E-73F3761732F1_1_MEDIUM.Jpg
Gloss Lucidante Anti Crespo Theoria Proline U! Confronta e Risparmia,,https://www.spesaonline.unes.it/p/4060,"39,80 €/l","1,99","39,80",,,https://unesretailprod.blob.core.windows.net/retail/SECCHI/NON%20FOOD/4060/ED6A4872-8497-49A0-A0E9-873E1D4C2B22_1_MEDIUM.Jpg
Cristalli Liquidi Semi di Lino,Jojoba,https://www.spesaonline.unes.it/p/4059,"33,16 €/l","1,99","33,16",,,https://unesretailprod.blob.core.windows.net/retail/SECCHI/NON%20FOOD/4059/299BF405-91E5-4B18-9ABF-5417BDA6D486_1_MEDIUM.Jpg
Lacca per Capelli a Tenuta Naturale Theoria Proline U! Confronta e Risparmia,,https://www.spesaonline.unes.it/p/12785,"5,63 €/l","1,69","5,63",,,https://unesretailprod.blob.core.windows.net/retail/SECCHI/NON%20FOOD/12785/0DF99B3B-3606-4E8B-AAED-11FCBBD0186C_1_MEDIUM.Jpg
PROTEGGI SLIP ANATOMICI in Cotone Biologico U! Confronta e Risparmia,,https://www.spesaonline.unes.it/p/74902,"1,59 €/pz","1,27","1,59",20%,10/12,https://unesretailprod.blob.core.windows.net/retail/SECCHI/NON%20FOOD/74902/B1253A00-82A9-46E4-A088-FD76823F6C59_1_MEDIUM.Jpg
20 Proteggi Slip Anatomici U! Confronta e Risparmia,,https://www.spesaonline.unes.it/p/601643,"0,89 €/pz","0,89","0,89",,,https://unesretailprod.blob.core.windows.net/retail/SECCHI/NON%20FOOD/601643/81D6B3FD-2D3D-4E3A-9194-7EEDB2FD89C1_1_MEDIUM.Jpg
20 Proteggi Slip Anatomici U! Confronta e Risparmia,,https://www.spesaonline.unes.it/p/601640,"0,89 €/pz","0,89","0,89",,,https://unesretailprod.blob.core.windows.net/retail/SECCHI/NON%20FOOD/601640/60CD51DC-E4A0-461D-80AF-E660844B8CC1_1_MEDIUM.Jpg
ASSORBENTI ULTRA SOFT GIORNO in Cotone Biologico U! Confronta e Risparmia,,https://www.spesaonline.unes.it/p/74900,"1,99 €/pz","1,59","1,99",20%,10/12,https://unesretailprod.blob.core.windows.net/retail/SECCHI/NON%20FOOD/74900/68B4AE6C-ECC9-4F63-9C5B-52E90B5CCEAA_1_MEDIUM.Jpg
ASSORBENTI ULTRA SOFT NOTTE in Cotone Biologico U! Confronta e Risparmia,,https://www.spesaonline.unes.it/p/74897,"1,99 €/pz","1,59","1,99",20%,10/12,https://unesretailprod.blob.core.windows.net/retail/SECCHI/NON%20FOOD/74897/A23990F9-0571-4EBC-B342-89239BF2463A_1_MEDIUM.Jpg
14 Assorbenti Giorno Ultra con Ali U! Confronta e Risparmia,,https://www.spesaonline.unes.it/p/601646,"1,19 €/pz","1,19","1,19",,,https://unesretailprod.blob.core.windows.net/retail/SECCHI/NON%20FOOD/601646/D158AA4D-8513-41F8-AA17-FDEE44267251_1_MEDIUM.Jpg
12 Assorbenti Notte Ultra con Ali U! Confronta e Risparmia,,https://www.spesaonline.unes.it/p/601645,"1,19 €/pz","1,19","1,19",,,https://unesretailprod.blob.core.windows.net/retail/SECCHI/NON%20FOOD/601645/6D118A37-E5A4-4A39-82DE-4F645E5DF76E_1_MEDIUM.Jpg
16 Assorbenti Sottili Anatomici U! Confronta e Risparmia,,https://www.spesaonline.unes.it/p/601644,"0,99 €/pz","0,99","0,99",,,https://unesretailprod.blob.core.windows.net/retail/SECCHI/NON%20FOOD/601644/D11FAF31-9985-4524-9CBE-61D4ADCF59CA_1_MEDIUM.Jpg
14 Assorbenti Anatomici Notte U! Confronta e Risparmia,,https://www.spesaonline.unes.it/p/601642,"1,29 €/pz","1,29","1,29",,,https://unesretailprod.blob.core.windows.net/retail/SECCHI/NON%20FOOD/601642/5EB2B8FF-56D1-4451-847D-C493AB874AF1_1_MEDIUM.Jpg
16 Assorbenti Ultra Anatomici U! Confronta e Risparmia,,https://www.spesaonline.unes.it/p/1877,"1,19 €/pz","1,19","1,19",,,https://unesretailprod.blob.core.windows.net/retail/SECCHI/NON%20FOOD/1877/282E7335-3CDC-4E8E-AF08-F9F0E3FD9237_1_MEDIUM.Jpg
16 Assorbenti Sottili con Ali U! Confronta e Risparmia,,https://www.spesaonline.unes.it/p/1867,"0,95 €/pz","0,95","0,95",,,https://unesretailprod.blob.core.windows.net/retail/SECCHI/NON%20FOOD/1867/143843BA-AF97-45CB-B090-AAA6C8B9159B_1_MEDIUM.Jpg
10 Assorbenti Lady Maxi Night U! Confronta e Risparmia,,https://www.spesaonline.unes.it/p/72893,"2,19 €/pz","2,19","2,19",,,https://unesretailprod.blob.core.windows.net/retail/SECCHI/NON%20FOOD/72893/DFBFB504-12F3-498B-9350-83DF20B80231_1_MEDIUM.Jpg
Traversa Salva Materasso,80x180,https://www.spesaonline.unes.it/p/62932,"7,49 €/pz","7,49","7,49",,,https://unesretailprod.blob.core.windows.net/retail/SECCHI/NON%20FOOD/62932/040A8A9B-AC9F-4858-B1E9-887E51A8DC0C_1_MEDIUM.Jpg
Traversa Trasparente Salva Materasso,60x90 cm,https://www.spesaonline.unes.it/p/62931,"5,99 €/pz","5,99","5,99",,,https://unesretailprod.blob.core.windows.net/retail/SECCHI/NON%20FOOD/62931/E085861D-0DF6-41FF-B398-81D6F37C1003_1_MEDIUM.Jpg
Pants Discreet Medium Adulto,8 Pezzi,https://www.spesaonline.unes.it/p/51320,"6,49 €/pz","6,49","6,49",,,https://unesretailprod.blob.core.windows.net/retail/SECCHI/NON%20FOOD/51320/6A516FA6-FDFE-48EA-9B9C-BDB1FC6F06BD_1_MEDIUM.Jpg
Pants Discreet Large Adulto,7 Pezzi,https://www.spesaonline.unes.it/p/51319,"6,49 €/pz","6,49","6,49",,,https://unesretailprod.blob.core.windows.net/retail/SECCHI/NON%20FOOD/51319/790F8FC3-D6C0-41A4-8CD6-42DC7DF3C131_1_MEDIUM.Jpg
Pants Active Medium Adulto,8 Pezzi,https://www.spesaonline.unes.it/p/51318,"6,99 €/pz","6,99","6,99",,,https://unesretailprod.blob.core.windows.net/retail/SECCHI/NON%20FOOD/51318/FEE062C3-C2AC-4AB1-8B94-F63C4F6CEB0B_1_MEDIUM.Jpg
Pants Active Large Adulto,7 Pezzi,https://www.spesaonline.unes.it/p/51317,"6,99 €/pz","6,99","6,99",,,https://unesretailprod.blob.core.windows.net/retail/SECCHI/NON%20FOOD/51317/32AE6439-6C73-49E0-9753-A0F52C9D6DB2_1_MEDIUM.Jpg
16 Assorbenti Lady Super Plus U! Confronta e Risparmia,,https://www.spesaonline.unes.it/p/47409,"2,99 €/pz","2,99","2,99",,,https://unesretailprod.blob.core.windows.net/retail/SECCHI/NON%20FOOD/47409/A6BE06C2-0333-4F74-A50D-6A0615A4D0F0_1_MEDIUM.Jpg
10 Assorbenti Lady Super U! Confronta e Risparmia,,https://www.spesaonline.unes.it/p/47408,"2,19 €/pz","2,19","2,19",,,https://unesretailprod.blob.core.windows.net/retail/SECCHI/NON%20FOOD/47408/A3B010E3-6713-4675-82F6-91D9E63AF065_1_MEDIUM.Jpg
10 Assorbenti Lady Extra U! Confronta e Risparmia,,https://www.spesaonline.unes.it/p/47406,"2,19 €/pz","2,19","2,19",,,https://unesretailprod.blob.core.windows.net/retail/SECCHI/NON%20FOOD/47406/B62E8BFF-9043-4739-9974-3ECA3A77B5E2_1_MEDIUM.Jpg
12 Assorbenti Lady Normal U! Confronta e Risparmia,,https://www.spesaonline.unes.it/p/47405,"2,19 €/pz","2,19","2,19",,,https://unesretailprod.blob.core.windows.net/retail/SECCHI/NON%20FOOD/47405/DC42B7C2-CB75-4844-B8E5-FE4D37075DCF_1_MEDIUM.Jpg
Compresse di Garza Sterili,10x10 cm,https://www.spesaonline.unes.it/p/48160,"1,99 €/pz","1,99","1,99",,,https://unesretailprod.blob.core.windows.net/retail/SECCHI/NON%20FOOD/48160/0A106135-052E-4909-8275-C4BA089FD100_1_MEDIUM.Jpg
Benda Autoaderente,6 m x 2.5 cm,https://www.spesaonline.unes.it/p/48158,"1,89 €/pz","1,89","1,89",,,https://unesretailprod.blob.core.windows.net/retail/SECCHI/NON%20FOOD/48158/C550C57D-5BAD-473D-BFCC-8095FAA1BEE9_1_MEDIUM.Jpg
Cerotto Delicato in Rocchetto,,https://www.spesaonline.unes.it/p/48156,"1,29 €/pz","1,29","1,29",,,https://unesretailprod.blob.core.windows.net/retail/SECCHI/NON%20FOOD/48156/82C6A4D7-9B10-4B19-ADBC-549B8F3C532F_1_MEDIUM.Jpg
Cerotto Delicato in Striscia,100x6 cm,https://www.spesaonline.unes.it/p/48155,"1,69 €/pz","1,69","1,69",,,https://unesretailprod.blob.core.windows.net/retail/SECCHI/NON%20FOOD/48155/CB9DD762-7DEB-4839-A9CA-00CF0EDB80DD_1_MEDIUM.Jpg
Cerotti Delicati Formato Grande,4 Pezzi,https://www.spesaonline.unes.it/p/48152,"1,19 €/pz","1,19","1,19",,,https://unesretailprod.blob.core.windows.net/retail/SECCHI/NON%20FOOD/48152/455331C7-3171-41FD-A74E-EE457D3FC7BA_1_MEDIUM.Jpg
Cerotti Classici Acquastop Assortiti,20 Pezzi,https://www.spesaonline.unes.it/p/48151,"1,29 €/pz","1,29","1,29",,,https://unesretailprod.blob.core.windows.net/retail/SECCHI/NON%20FOOD/48151/1535ABAD-CD35-4177-833D-1D7D9C0F09F9_1_MEDIUM.Jpg
Cerotti Effetto Barriera Premium Medio,20 Pezzi,https://www.spesaonline.unes.it/p/48150,"1,29 €/pz","1,29","1,29",,,https://unesretailprod.blob.core.windows.net/retail/SECCHI/NON%20FOOD/48150/6D2BF555-9F00-4E3E-B506-54E69559F5E8_1_MEDIUM.Jpg
Cerotti Delicati Misura Media,20 Pezzi,https://www.spesaonline.unes.it/p/48149,"0,99 €/pz","0,99","0,99",,,https://unesretailprod.blob.core.windows.net/retail/SECCHI/NON%20FOOD/48149/5F6DE038-DECB-437D-9BD4-AF886046E45D_1_MEDIUM.Jpg
Cerotti Classici Assortiti,30 Pezzi,https://www.spesaonline.unes.it/p/48148,"1,19 €/pz","1,19","1,19",,,https://unesretailprod.blob.core.windows.net/retail/SECCHI/NON%20FOOD/48148/865768F9-163F-4CEA-B537-B1C77A6DBE10_1_MEDIUM.Jpg
Cerotti Classici Misura Media,10 Pezzi,https://www.spesaonline.unes.it/p/48147,"0,69 €/pz","0,69","0,69",,,https://unesretailprod.blob.core.windows.net/retail/SECCHI/NON%20FOOD/48147/36B590C8-18BD-4256-99B7-4C87E00BCC46_1_MEDIUM.Jpg
Contenitore per Urine Sterile con Dispitivo di Prelievo,,https://www.spesaonline.unes.it/p/73052,"0,75 €/pz","0,75","0,75",,,https://unesretailprod.blob.core.windows.net/retail/SECCHI/NON%20FOOD/73052/B7521C41-A2B9-4F61-ADB6-101762D0E30E_1_MEDIUM.Jpg
Cerotti Callifughi,6 Pezzi,https://www.spesaonline.unes.it/p/48165,"1,19 €/pz","1,19","1,19",,,https://unesretailprod.blob.core.windows.net/retail/SECCHI/NON%20FOOD/48165/6C80119F-7A55-46EE-861A-A00D3508569D_1_MEDIUM.Jpg
Cerotto per Vesciche,5 Pezzi,https://www.spesaonline.unes.it/p/48163,"1,89 €/pz","1,89","1,89",,,https://unesretailprod.blob.core.windows.net/retail/SECCHI/NON%20FOOD/48163/1223DF47-FF16-485E-9683-55FCAA686301_1_MEDIUM.Jpg
SCIOGLI CALCARE U! Confronta&Risparmia,,https://www.spesaonline.unes.it/p/67656,"2,18 €/l","1,09","2,18",,,https://unesretailprod.blob.core.windows.net/retail/SECCHI/NON%20FOOD/67656/D467217E-E49B-49AA-AD60-BF95024019F8_1_MEDIUM.Jpg
2 TAVOLETTE WC CANDEGGINA U! Confronta&Risparmia,,https://www.spesaonline.unes.it/p/65768,"1,19 €/pz","1,19","1,19",,,https://unesretailprod.blob.core.windows.net/retail/SECCHI/NON%20FOOD/65768/73910825-7C1E-4A5A-9033-D437CD297DCF_1_MEDIUM.Jpg
4 TAVOLETTE WC LAVANDA U! Confronta&Risparmia,,https://www.spesaonline.unes.it/p/65766,"1,49 €/pz","1,49","1,49",,,https://unesretailprod.blob.core.windows.net/retail/SECCHI/NON%20FOOD/65766/22F50016-3348-4875-B8AA-8E22FCA8067E_1_MEDIUM.Jpg
4 TAVOLETTE WC ARIA DI MONTAGNA U! Confronta&Risparmia,,https://www.spesaonline.unes.it/p/65763,"1,49 €/pz","1,49","1,49",,,https://unesretailprod.blob.core.windows.net/retail/SECCHI/NON%20FOOD/65763/580923D6-A9A4-45AB-B328-CC4259A72200_1_MEDIUM.Jpg
DETERGENTE WC DISINCROSTANTE U! Confronta&Risparmia,,https://www.spesaonline.unes.it/p/64967,"1,98 €/l","1,49","1,98",,,https://unesretailprod.blob.core.windows.net/retail/SECCHI/NON%20FOOD/64967/29591E38-6C32-4CE5-85C8-2147E2917494_1_MEDIUM.Jpg
DETERGENTE WC CON CANDEGGINA U! Confronta&Risparmia,,https://www.spesaonline.unes.it/p/64966,"1,98 €/l","1,49","1,98",,,https://unesretailprod.blob.core.windows.net/retail/SECCHI/NON%20FOOD/64966/035AB34A-DC3C-46E8-82A8-8AC2EC73131F_1_MEDIUM.Jpg
DETERGENTE WC PROFUMATO PINO U! Confronta&Risparmia,,https://www.spesaonline.unes.it/p/64965,"1,98 €/l","1,49","1,98",,,https://unesretailprod.blob.core.windows.net/retail/SECCHI/NON%20FOOD/64965/15A1FA16-694E-4CA7-91BD-91A11BFA2EDC_1_MEDIUM.Jpg
Ammoniaca Profumata U! Confronta e Risparmia,,https://www.spesaonline.unes.it/p/88551,"0,65 €/l","0,65","0,65",,,https://unesretailprod.blob.core.windows.net/retail/SECCHI/NON%20FOOD/88551/A2E67C03-26F3-4D0F-88BE-3741A203B6C5_1_MEDIUM.Jpg
Ammoniaca U! Confronta e Risparmia,,https://www.spesaonline.unes.it/p/88550,"0,55 €/l","0,55","0,55",,,https://unesretailprod.blob.core.windows.net/retail/SECCHI/NON%20FOOD/88550/69828E37-1F15-4948-9F53-7494552B4D5C_1_MEDIUM.Jpg
Acido Muriatico U! Confronta e Risparmia,,https://www.spesaonline.unes.it/p/88545,"0,85 €/l","0,85","0,85",,,https://unesretailprod.blob.core.windows.net/retail/SECCHI/NON%20FOOD/88545/1FD37D65-9025-408B-89E0-72FC17EAA47A_1_MEDIUM.Jpg
Colonia per Pulizia U! Confronta e Risparmia,,https://www.spesaonline.unes.it/p/67302,"1,99 €/l","1,99","1,99",,,https://unesretailprod.blob.core.windows.net/retail/SECCHI/NON%20FOOD/67302/FF8D835B-389D-4444-AFAC-F5094B4666BD_1_MEDIUM.Jpg
Verbena per Pulizia U! Confronta e Risparmia,,https://www.spesaonline.unes.it/p/67301,"1,74 €/l","3,49","1,74",,,https://unesretailprod.blob.core.windows.net/retail/SECCHI/NON%20FOOD/67301/1B56C91E-B3A2-4890-A7C5-80025017A0B5_1_MEDIUM.Jpg
Cosmetico per Pulizia U! Confronta e Risparmia,,https://www.spesaonline.unes.it/p/67298,"2,19 €/l","2,19","2,19",,,https://unesretailprod.blob.core.windows.net/retail/SECCHI/NON%20FOOD/67298/6C0D3ECA-2B46-443D-A4DE-FAC057158B87_1_MEDIUM.Jpg
PAVIMENTI LAVANDA profumato 1000ml U!,,https://www.spesaonline.unes.it/p/66203,"1,09 €/l","1,09","1,09",,,https://unesretailprod.blob.core.windows.net/retail/SECCHI/NON%20FOOD/66203/D2A42E73-B593-416B-8ED0-1DDE563D8E93_1_MEDIUM.Jpg
PAVIMENTI LIME & IRIS profumato 1000ml U!,,https://www.spesaonline.unes.it/p/66202,"1,09 €/l","1,09","1,09",,,https://unesretailprod.blob.core.windows.net/retail/SECCHI/NON%20FOOD/66202/368D368E-2A9A-49B4-909F-E8256D8A3434_1_MEDIUM.Jpg
SUPERFICI PREZIOSE AZULENE indicato per marmo e cotto 1000ml U!,,https://www.spesaonline.unes.it/p/66200,"1,09 €/l","1,09","1,09",,,https://unesretailprod.blob.core.windows.net/retail/SECCHI/NON%20FOOD/66200/D17FD0BE-AE92-46F2-9594-2EAA8906738D_1_MEDIUM.Jpg
Parquet Superfici Pregiate Profumato U! Confronta e Risparmia,,https://www.spesaonline.unes.it/p/66199,"1,29 €/l","1,29","1,29",,,https://unesretailprod.blob.core.windows.net/retail/SECCHI/NON%20FOOD/66199/0C63CDD9-A448-43C3-A376-AC5FE1C853D8_1_MEDIUM.Jpg
Ammorbidente Ricordo Provenzale U! Confronta e Risparmia,,https://www.spesaonline.unes.it/p/98191,"1,99 €/l","1,99","1,99",,,https://unesretailprod.blob.core.windows.net/retail/SECCHI/NON%20FOOD/98191/D4D2FCA4-3BD2-4A53-9B37-DC067829CFD6_1_MEDIUM.Jpg
Ammorbidente Campo in Fiore U! Confronta e Risparmia,,https://www.spesaonline.unes.it/p/98189,"1,99 €/l","1,99","1,99",,,https://unesretailprod.blob.core.windows.net/retail/SECCHI/NON%20FOOD/98189/68D15CA1-7DDA-4924-8FF1-49E2719919EB_1_MEDIUM.Jpg
Ammorbidente Profumi d'Oriente U! Confronta e Risparmia,,https://www.spesaonline.unes.it/p/98183,"1,99 €/l","1,99","1,99",,,https://unesretailprod.blob.core.windows.net/retail/SECCHI/NON%20FOOD/98183/81F31804-B9AB-4338-B268-2403F0ACA622_1_MEDIUM.Jpg
Ammorbidente Profumo di Mattino U! Confronta e Risparmia,,https://www.spesaonline.unes.it/p/98182,"1,99 €/l","1,99","1,99",,,https://unesretailprod.blob.core.windows.net/retail/SECCHI/NON%20FOOD/98182/CE02749B-399F-4A8C-BA2A-527E23F6D350_1_MEDIUM.Jpg
AMMORBIDENTE CLASSICO 25 LAVAGGI U! Confronta & Risparmia,,https://www.spesaonline.unes.it/p/41010,"0,69 €/l","1,39","0,69",,,https://unesretailprod.blob.core.windows.net/retail/SECCHI/NON%20FOOD/41010/9F538C8B-1279-4AF3-B553-66CCA400F49B_1_MEDIUM.Jpg
AMMORBIDENTE MUSCHIO BIANCO 25 LAVAGGI U! Confronta & Risparmia,,https://www.spesaonline.unes.it/p/41009,"0,69 €/l","1,39","0,69",,,https://unesretailprod.blob.core.windows.net/retail/SECCHI/NON%20FOOD/41009/C7AA1392-0FD7-4E9C-8286-1DA2C735D4F8_1_MEDIUM.Jpg
Candeggina Profumata Fiorita U! Confronta e Risparmia,,https://www.spesaonline.unes.it/p/90082,"0,59 €/l","1,19","0,59",,,https://unesretailprod.blob.core.windows.net/retail/SECCHI/NON%20FOOD/90082/D9E627B7-3FE8-4AAA-8573-D8A2DE767095_1_MEDIUM.Jpg
Candeggina U! Confronta e Risparmia,,https://www.spesaonline.unes.it/p/90081,"0,57 €/l","1,15","0,57",,,https://unesretailprod.blob.core.windows.net/retail/SECCHI/NON%20FOOD/90081/725CEF9B-C2AC-4DDB-BBDF-2D342C353A83_1_MEDIUM.Jpg
Candeggina U! Confronta e Risparmia,,https://www.spesaonline.unes.it/p/90080,"0,75 €/l","0,75","0,75",,,https://unesretailprod.blob.core.windows.net/retail/SECCHI/NON%20FOOD/90080/B7F628B5-973A-44BB-A342-9D272277052B_1_MEDIUM.Jpg
Candeggina Delicata U! Confronta e Risparmia,,https://www.spesaonline.unes.it/p/88549,"0,87 €/l","1,75","0,87",,,https://unesretailprod.blob.core.windows.net/retail/SECCHI/NON%20FOOD/88549/5A60F3A0-A89D-4888-AD41-C470662063C0_1_MEDIUM.Jpg
24 Fogli Cattura Colore U! Confronta e Risparmia,,https://www.spesaonline.unes.it/p/83894,"1,99 €/pz","1,99","1,99",,,https://unesretailprod.blob.core.windows.net/retail/SECCHI/NON%20FOOD/83894/62801EA8-8E73-4B34-9968-566E3C72A30D_1_MEDIUM.Jpg
Capi neri e Scuri 37 Lavaggi U! Confronta e Risparmia,,https://www.spesaonline.unes.it/p/98477,"1,66 €/l","2,49","1,66",,,https://unesretailprod.blob.core.windows.net/retail/SECCHI/NON%20FOOD/98477/414DEAFC-9128-4156-B5F6-2ECE9608683A_1_MEDIUM.Jpg
Lana e Delicati 37 Lavaggi U! Confronta e Risparmia,,https://www.spesaonline.unes.it/p/98475,"1,66 €/l","2,49","1,66",,,https://unesretailprod.blob.core.windows.net/retail/SECCHI/NON%20FOOD/98475/AD10745A-5A7E-49D5-86ED-12B072F2E31C_1_MEDIUM.Jpg
Delicati Colorati 37 Lavaggi U! Confronta e Risparmia,,https://www.spesaonline.unes.it/p/98046,"1,66 €/l","2,49","1,66",,,https://unesretailprod.blob.core.windows.net/retail/SECCHI/NON%20FOOD/98046/D5DCE420-C4D9-4868-AF6E-0D9FFE25F95D_1_MEDIUM.Jpg
Lavatrice Liquido Classico 37 Lavaggi U! Confronta e Risparmia,,https://www.spesaonline.unes.it/p/80949,"2,32 €/l","3,49","2,32",,,https://unesretailprod.blob.core.windows.net/retail/SECCHI/NON%20FOOD/80949/8D2B151D-EB13-40F3-B458-78A89713565E_1_MEDIUM.Jpg
Lavatrice Capi Colorati 37 Lavaggi U! Confronta e Risparmia,,https://www.spesaonline.unes.it/p/80948,"2,32 €/l","3,49","2,32",,,https://unesretailprod.blob.core.windows.net/retail/SECCHI/NON%20FOOD/80948/7FC6B400-A676-4BDE-9389-7CDB641D106C_1_MEDIUM.Jpg
Lavatrice Marsiglia 37 Lavaggi U! Confronta e Risparmia,,https://www.spesaonline.unes.it/p/80944,"2,32 €/l","3,49","2,32",,,https://unesretailprod.blob.core.windows.net/retail/SECCHI/NON%20FOOD/80944/90F542F2-50A8-411A-A90C-94474054743F_1_MEDIUM.Jpg
Acqua Demineralizzata U! Confronta e Risparmia,,https://www.spesaonline.unes.it/p/88553,"0,25 €/l","1,29","0,25",,,https://unesretailprod.blob.core.windows.net/retail/SECCHI/NON%20FOOD/88553/18468F5F-0928-43C5-AAF7-0F93692B508C_1_MEDIUM.Jpg
Acqua Demineralizzata U! Confronta e Risparmia,,https://www.spesaonline.unes.it/p/88552,"0,39 €/l","0,79","0,39",,,https://unesretailprod.blob.core.windows.net/retail/SECCHI/NON%20FOOD/88552/E704E250-EEF5-433B-80A1-5BFD65D17128_1_MEDIUM.Jpg
Carta Igienica Compatta 2 Veli,16 Rotoli,https://www.spesaonline.unes.it/p/88753,"4,49 €/pz","4,49","4,49",,,https://unesretailprod.blob.core.windows.net/retail/SECCHI/NON%20FOOD/88753/74B517DA-EC10-49BF-9122-7167950E3FC4_1_MEDIUM.Jpg
8 Rotoli Carta Igienica 3 Veli U! Confronta e Risparmia,,https://www.spesaonline.unes.it/p/8649,"2,99 €/pz","2,99","2,99",,,https://unesretailprod.blob.core.windows.net/retail/SECCHI/NON%20FOOD/8649/3FA6484B-9129-4217-A90F-9184DC8D2924_1_MEDIUM.Jpg
Carta Igienica 160 Strappi 4 Veli,4 Rotoli,https://www.spesaonline.unes.it/p/8646,"2,49 €/pz","2,49","2,49",,,https://unesretailprod.blob.core.windows.net/retail/SECCHI/NON%20FOOD/8646/D55B88CC-DB27-4821-834C-62101A2C8DB2_1_MEDIUM.Jpg
Carta Igienica 200 strappi 2 Veli,4 Pezzi,https://www.spesaonline.unes.it/p/46401,"1,89 €/pz","1,89","1,89",,,https://unesretailprod.blob.core.windows.net/retail/SECCHI/NON%20FOOD/46401/F87CB83E-84B0-47BB-9483-FC47649DFFAF_1_MEDIUM.Jpg
50 Salviette Umidificate Carta Igienica U! Confronta e Risparmia,,https://www.spesaonline.unes.it/p/42479,"1,29 €/pz","1,29","1,29",,,https://unesretailprod.blob.core.windows.net/retail/SECCHI/NON%20FOOD/42479/4C2BD546-8788-432B-8796-D16FF6940AEA_1_MEDIUM.Jpg
8 Maxi Rotoli Carta Igienica 2 Veli U! Confronta e Risparmia,,https://www.spesaonline.unes.it/p/41690,"5,99 €/pz","5,99","5,99",,,https://unesretailprod.blob.core.windows.net/retail/SECCHI/NON%20FOOD/41690/9FE82935-F80A-403E-8BA8-65C68D0DE3F1_1_MEDIUM.Jpg
4 Maxi Rotoli Carta Igienica 2 Veli U! Confronta e Risparmia,,https://www.spesaonline.unes.it/p/40873,"3,19 €/pz","3,19","3,19",,,https://unesretailprod.blob.core.windows.net/retail/SECCHI/NON%20FOOD/40873/DF5D8087-B346-4FFA-BFC0-8490214B7CA9_1_MEDIUM.Jpg
Carta Igienica Profumata 1440 Strappi 3 Veli,6 Pezzi,https://www.spesaonline.unes.it/p/12096,"4,49 €/pz","4,49","4,49",,,https://unesretailprod.blob.core.windows.net/retail/SECCHI/NON%20FOOD/12096/EAF59EE1-1CC9-4FDF-AC24-40FABBED7701_1_MEDIUM.Jpg
12 Mini Pacchetti di Fazzoletti 4 Veli U! Confronta e Risparmia,,https://www.spesaonline.unes.it/p/97887,"1,59 €/pz","1,59","1,59",,,https://unesretailprod.blob.core.windows.net/retail/SECCHI/NON%20FOOD/97887/EEAF3FB8-B53A-42E9-AB00-9DCD553080F4_1_MEDIUM.Jpg
2 Maxi Rotoli Asciugatutto 2 Veli U! Confronta e Risparmia,,https://www.spesaonline.unes.it/p/9395,"1,99 €/pz","1,99","1,99",,,https://unesretailprod.blob.core.windows.net/retail/SECCHI/NON%20FOOD/9395/6517B3C2-F9B7-4A37-89EC-9582615AA312_1_MEDIUM.Jpg
Asciugatutto Multiuso 2 Veli 400 Strappi U! Confronta e Risparmia,,https://www.spesaonline.unes.it/p/9394,"3,99 €/pz","3,99","3,99",,,https://unesretailprod.blob.core.windows.net/retail/SECCHI/NON%20FOOD/9394/2F974E3A-FAE0-4726-B98D-97CBFA2AB453_1_MEDIUM.Jpg
50 Tovaglioli 2 Veli U! Confronta e Risparmia,,https://www.spesaonline.unes.it/p/92331,"1,49 €/pz","1,49","1,49",,,https://unesretailprod.blob.core.windows.net/retail/SECCHI/NON%20FOOD/92331/9EE7DC30-EA32-4E4B-839E-631F85989ED4_1_MEDIUM.Jpg
Asciugatutto Multiuso 2 Veli 150 Strappi U! Confronta e Risparmia,,https://www.spesaonline.unes.it/p/91814,"1,99 €/pz","1,99","1,99",,,https://unesretailprod.blob.core.windows.net/retail/SECCHI/NON%20FOOD/91814/44320A98-5656-477D-A6D6-19604A729320_1_MEDIUM.Jpg
3 Rotoli Asciugatutto 3 Veli U! Confronta e Risparmia,,https://www.spesaonline.unes.it/p/91542,"2,69 €/pz","2,69","2,69",,,https://unesretailprod.blob.core.windows.net/retail/SECCHI/NON%20FOOD/91542/A10C0B57-831A-456A-89E7-4F1B3F68405E_1_MEDIUM.Jpg
50 Tovaglioli 3 Veli U! Confronta e Risparmia,,https://www.spesaonline.unes.it/p/9035,"2,19 €/pz","2,19","2,19",,,https://unesretailprod.blob.core.windows.net/retail/SECCHI/NON%20FOOD/9035/179C3043-4AB3-40E3-88B5-05FB2C2B24C5_1_MEDIUM.Jpg
50 Tovaglioli 3 Veli Gialli U! Confronta e Risparmia,,https://www.spesaonline.unes.it/p/9031,"2,19 €/pz","2,19","2,19",,,https://unesretailprod.blob.core.windows.net/retail/SECCHI/NON%20FOOD/9031/A7EA0E86-3C7B-4DAB-844C-5C54A6ACAE07_1_MEDIUM.Jpg
160 Tovaglioli 1 Velo U! Confronta e Risparmia,,https://www.spesaonline.unes.it/p/6379,"1,99 €/pz","1,99","1,99",,,https://unesretailprod.blob.core.windows.net/retail/SECCHI/NON%20FOOD/6379/EFF8D19A-E11F-47EC-BDB9-5BDAEF4E9EB6_1_MEDIUM.Jpg
50 Tovaglioli 2 Veli Bianchi U! Confronta e Risparmia,,https://www.spesaonline.unes.it/p/606058,"1,29 €/pz","1,29","1,29",,,https://unesretailprod.blob.core.windows.net/retail/SECCHI/NON%20FOOD/606058/5267C72F-51A7-4E61-B6E9-1F3A5337129E_1_MEDIUM.Jpg
40 Tovaglioli 2 Veli U! Confronta e Risparmia,,https://www.spesaonline.unes.it/p/36531,"1,39 €/pz","1,39","1,39",,,https://unesretailprod.blob.core.windows.net/retail/SECCHI/NON%20FOOD/36531/6499BD06-DB1D-4D09-AA5B-4BB1C1DE5C09_1_MEDIUM.Jpg
320 Tovaglioli 1 Velo U! Confronta e Risparmia,,https://www.spesaonline.unes.it/p/27054,"2,99 €/pz","2,99","2,99",,,https://unesretailprod.blob.core.windows.net/retail/SECCHI/NON%20FOOD/27054/64E45936-1B43-4848-BF0F-4C3DC30921BD_1_MEDIUM.Jpg
50 Tovaglioli 3 Veli Blu U! Confronta e Risparmia,,https://www.spesaonline.unes.it/p/26972,"2,19 €/pz","2,19","2,19",,,https://unesretailprod.blob.core.windows.net/retail/SECCHI/NON%20FOOD/26972/5D5EDE2B-1C43-4E33-B973-EC91C191C144_1_MEDIUM.Jpg
50 Tovaglioli 3 Veli U! Confronta e Risparmia,,https://www.spesaonline.unes.it/p/12660,"0,99 €/pz","0,99","0,99",,,https://unesretailprod.blob.core.windows.net/retail/SECCHI/NON%20FOOD/12660/528D7075-D2D4-4C6E-9C0A-D6AE9F74755A_1_MEDIUM.Jpg
50 Tovaglioli 3 Veli U! Confronta e Risparmia,,https://www.spesaonline.unes.it/p/11393,"1,69 €/pz","1,69","1,69",,,https://unesretailprod.blob.core.windows.net/retail/SECCHI/NON%20FOOD/11393/90805FC6-809F-4273-853D-E983BD889ADD_1_MEDIUM.Jpg
15 Sacchi Pattumiera Azzurri 40 Litri Profumati U! Confronta e Risparmia,,https://www.spesaonline.unes.it/p/96682,"1,99 €/pz","1,99","1,99",,,https://unesretailprod.blob.core.windows.net/retail/SECCHI/NON%20FOOD/96682/8D402D05-1D02-45F5-A3C3-C320A0BB3C03_1_MEDIUM.Jpg
15 Sacchi Pattumiera Viola 40 Litri Profumati U! Confronta e Risparmia,,https://www.spesaonline.unes.it/p/96681,"1,89 €/pz","1,89","1,89",,,https://unesretailprod.blob.core.windows.net/retail/SECCHI/NON%20FOOD/96681/29CF4D29-529A-42DD-B2E4-F4CCFB1E9720_1_MEDIUM.Jpg
20 Sacchi Pattumiera Verdi 30 Litri Profumati U! Confronta e Risparmia,,https://www.spesaonline.unes.it/p/96680,"1,29 €/pz","1,29","1,29",,,https://unesretailprod.blob.core.windows.net/retail/SECCHI/NON%20FOOD/96680/9F48940D-FFA7-465B-9DEB-1020E6FB0B2F_1_MEDIUM.Jpg
20 Sacchi Pattumiera Azzurri 30 Litri Profumati U! Confronta e Risparmia,,https://www.spesaonline.unes.it/p/96679,"1,89 €/pz","1,89","1,89",,,https://unesretailprod.blob.core.windows.net/retail/SECCHI/NON%20FOOD/96679/971A949B-E4C1-4DEA-A6B1-08EE9C6AE69C_1_MEDIUM.Jpg
20 Sacchi per Umido 12 Litri U! Confronta e Risparmia,,https://www.spesaonline.unes.it/p/96678,"1,99 €/pz","1,99","1,99",,,https://unesretailprod.blob.core.windows.net/retail/SECCHI/NON%20FOOD/96678/FDFD4AC4-2AE7-4684-8E4B-E74A53FC8E33_1_MEDIUM.Jpg
15 Sacchi per Umido 15 Litri U! Confronta e Risparmia,,https://www.spesaonline.unes.it/p/96677,"1,99 €/pz","1,99","1,99",,,https://unesretailprod.blob.core.windows.net/retail/SECCHI/NON%20FOOD/96677/50E50A37-5D4D-40F2-A983-C1319ADCFB0B_1_MEDIUM.Jpg
10 Sacchi per Umido 30 Litri U! Confronta e Risparmia,,https://www.spesaonline.unes.it/p/96676,"2,29 €/pz","2,29","2,29",,,https://unesretailprod.blob.core.windows.net/retail/SECCHI/NON%20FOOD/96676/3FB66CC0-4B14-4028-AE49-2D38607132D3_1_MEDIUM.Jpg
10 Sacchi Condominiali Viola 110 Litri U! Confronta e Risparmia,,https://www.spesaonline.unes.it/p/96675,"1,99 €/pz","1,99","1,99",,,https://unesretailprod.blob.core.windows.net/retail/SECCHI/NON%20FOOD/96675/FF94D7E1-4A2C-4088-AB61-A2C263342B9D_1_MEDIUM.Jpg
10 Sacchi Condominiali Neutri 110 Litri U! Confronta e Risparmia,,https://www.spesaonline.unes.it/p/96674,"1,99 €/pz","1,99","1,99",,,https://unesretailprod.blob.core.windows.net/retail/SECCHI/NON%20FOOD/96674/519BA9A8-5AD1-4F8D-AACA-51BF64CAD912_1_MEDIUM.Jpg
10 Sacchi Condominiali Gialli 110 Litri U! Confronta e Risparmia,,https://www.spesaonline.unes.it/p/96673,"1,99 €/pz","1,99","1,99",,,https://unesretailprod.blob.core.windows.net/retail/SECCHI/NON%20FOOD/96673/704CB7E8-9419-4C64-813F-F30581DF9F47_1_MEDIUM.Jpg
10 Sacchi Condominiali Neri 110 Litri U! Confronta e Risparmia,,https://www.spesaonline.unes.it/p/96672,"1,79 €/pz","1,79","1,79",,,https://unesretailprod.blob.core.windows.net/retail/SECCHI/NON%20FOOD/96672/F1922556-5FCF-480E-AAED-A1441AD4D3A1_1_MEDIUM.Jpg
Alluminio 16 m U! Confronta e Risparmia,,https://www.spesaonline.unes.it/p/615332,"0,14 €/m","2,29","0,14",,,https://unesretailprod.blob.core.windows.net/retail/SECCHI/NON%20FOOD/615332/9BF399BA-37BD-4C75-AAD6-CEDCCA16EE1D_1_MEDIUM.Jpg
Pellicola 16 m U! Confronta e Risparmia,,https://www.spesaonline.unes.it/p/615331,"0,05 €/m","0,85","0,05",,,https://unesretailprod.blob.core.windows.net/retail/SECCHI/NON%20FOOD/615331/72CEC85A-2156-4159-9312-0F99AF79790C_1_MEDIUM.Jpg
Pellicola 36 m U! Confronta e Risparmia,,https://www.spesaonline.unes.it/p/615330,"0,03 €/m","1,09","0,03",,,https://unesretailprod.blob.core.windows.net/retail/SECCHI/NON%20FOOD/615330/5D0640B6-0C70-4136-A297-0D08AF365B01_1_MEDIUM.Jpg
Cartaforno 8 m U! Confronta e Risparmia,,https://www.spesaonline.unes.it/p/615151,"0,14 €/m","1,19","0,14",,,https://unesretailprod.blob.core.windows.net/retail/SECCHI/NON%20FOOD/615151/D0704225-833F-4D7B-BCBA-AEAB22358EDF_1_MEDIUM.Jpg
3 Vaschetta Pizza 24 cm U! Confronta e Risparmia,,https://www.spesaonline.unes.it/p/615090,"1,19 €/pz","1,19","1,19",,,https://unesretailprod.blob.core.windows.net/retail/SECCHI/NON%20FOOD/615090/BBE54143-36B0-435D-9F1B-848A577386A3_1_MEDIUM.Jpg
2 Vaschette 6 Porzioni con Coperchio U! Confronta e Risparmia,,https://www.spesaonline.unes.it/p/615089,"1,29 €/pz","1,29","1,29",,,https://unesretailprod.blob.core.windows.net/retail/SECCHI/NON%20FOOD/615089/8E96005C-6653-4C55-ADC3-3E162F52AA12_1_MEDIUM.Jpg
3 Vaschette 4 Porzioni con Coperchio U! Confronta e Risparmia,,https://www.spesaonline.unes.it/p/615088,"1,29 €/pz","1,29","1,29",,,https://unesretailprod.blob.core.windows.net/retail/SECCHI/NON%20FOOD/615088/90B35F36-E873-4DC6-96D9-0EFC831ECFD6_1_MEDIUM.Jpg
4 Vaschette 2 Porzioni con Coperchio U! Confronta e Risparmia,,https://www.spesaonline.unes.it/p/615087,"1,29 €/pz","1,29","1,29",,,https://unesretailprod.blob.core.windows.net/retail/SECCHI/NON%20FOOD/615087/BC6F6ECA-D1E8-4ECA-BC68-D2D86D50F583_1_MEDIUM.Jpg
5 Vaschette Mono Porzione con Coperchio U! Confronta e Risparmia,,https://www.spesaonline.unes.it/p/615086,"1,29 €/pz","1,29","1,29",,,https://unesretailprod.blob.core.windows.net/retail/SECCHI/NON%20FOOD/615086/CDD2EDC6-E4C7-40AB-922C-057065E79DAB_1_MEDIUM.Jpg
2 Vaschette 8 Porzioni U! Confronta e Risparmia,,https://www.spesaonline.unes.it/p/615083,"1,19 €/pz","1,19","1,19",,,https://unesretailprod.blob.core.windows.net/retail/SECCHI/NON%20FOOD/615083/0155448E-0050-4188-B838-F94DBFB74830_1_MEDIUM.Jpg
2 Vaschette 6 Porzioni U! Confronta e Risparmia,,https://www.spesaonline.unes.it/p/615082,"1,19 €/pz","1,19","1,19",,,https://unesretailprod.blob.core.windows.net/retail/SECCHI/NON%20FOOD/615082/A27183A6-E7FE-4E4E-AD99-B9AE2FF57A29_1_MEDIUM.Jpg
3 Vaschette 4 Porzioni U! Confronta e Risparmia,,https://www.spesaonline.unes.it/p/615081,"1,19 €/pz","1,19","1,19",,,https://unesretailprod.blob.core.windows.net/retail/SECCHI/NON%20FOOD/615081/85B5FB88-68BA-413E-BAD6-550A12C2B60B_1_MEDIUM.Jpg
4 Vaschette 2 Porzioni U! Confronta e Risparmia,,https://www.spesaonline.unes.it/p/615080,"1,19 €/pz","1,19","1,19",,,https://unesretailprod.blob.core.windows.net/retail/SECCHI/NON%20FOOD/615080/DA47360E-6769-4D20-B02F-FB6B403AE2B0_1_MEDIUM.Jpg
3 Vaschetta Torta 20 cm U! Confronta e Risparmia,,https://www.spesaonline.unes.it/p/615079,"1,19 €/pz","1,19","1,19",,,https://unesretailprod.blob.core.windows.net/retail/SECCHI/NON%20FOOD/615079/6DA80418-8F55-4975-9DD3-34E92414463A_1_MEDIUM.Jpg
Cartaforno 50 m U! Confronta e Risparmia,,https://www.spesaonline.unes.it/p/46352,"0,10 €/m","5,49","0,10",,,https://unesretailprod.blob.core.windows.net/retail/SECCHI/NON%20FOOD/46352/210A0205-FE7D-452C-9D06-5228112AA20E_1_MEDIUM.Jpg
Pellicola per Alimenti,300 m,https://www.spesaonline.unes.it/p/46351,"0,02 €/m","6,09","0,02",,,https://unesretailprod.blob.core.windows.net/retail/SECCHI/NON%20FOOD/46351/262E88E2-B491-4846-A89B-8A0B62F6FA3B_1_MEDIUM.Jpg
Alluminio 150 m U! Confronta e Risparmia,,https://www.spesaonline.unes.it/p/46350,"0,09 €/m","13,99","0,09",,,https://unesretailprod.blob.core.windows.net/retail/SECCHI/NON%20FOOD/46350/11DF8592-1E5C-48B0-A724-E1BF61213420_1_MEDIUM.Jpg
Cartaforno 20 m U! Confronta e Risparmia,,https://www.spesaonline.unes.it/p/27853,"0,11 €/m","2,39","0,11",,,https://unesretailprod.blob.core.windows.net/retail/SECCHI/NON%20FOOD/27853/F9CC63CD-CC66-415D-9DBC-064AB41BE77E_1_MEDIUM.Jpg
Pellicola Microonde 12 m U! Confronta e Risparmia,,https://www.spesaonline.unes.it/p/26847,"0,07 €/m","0,85","0,07",,,https://unesretailprod.blob.core.windows.net/retail/SECCHI/NON%20FOOD/26847/06B32B9C-DD13-4A18-A353-0D187193877C_1_MEDIUM.Jpg
Pellicola 50 m U! Confronta e Risparmia,,https://www.spesaonline.unes.it/p/22793,"0,02 €/m","1,49","0,02",,,https://unesretailprod.blob.core.windows.net/retail/SECCHI/NON%20FOOD/22793/BA42A081-158C-46DB-A35A-C3F081B8928C_1_MEDIUM.Jpg
Pellicola 25 m U! Confronta e Risparmia,,https://www.spesaonline.unes.it/p/22792,"0,03 €/m","0,99","0,03",,,https://unesretailprod.blob.core.windows.net/retail/SECCHI/NON%20FOOD/22792/3876E2A6-A4E6-4096-A35C-8E5CB0EB25E8_1_MEDIUM.Jpg
Alluminio 30 m U! Confronta e Risparmia,,https://www.spesaonline.unes.it/p/22769,"0,10 €/m","3,29","0,10",,,https://unesretailprod.blob.core.windows.net/retail/SECCHI/NON%20FOOD/22769/CA1CE469-660A-4923-88FC-2E890B800724_1_MEDIUM.Jpg
6 Vaschette Mono Porzione U! Confronta e Risparmia,,https://www.spesaonline.unes.it/p/20464,"1,19 €/pz","1,19","1,19",,,https://unesretailprod.blob.core.windows.net/retail/SECCHI/NON%20FOOD/20464/C5968514-B2C4-4CDD-AF2E-364321F57DE6_1_MEDIUM.Jpg
2 Vaschette 12 Porzioni U! Confronta e Risparmia,,https://www.spesaonline.unes.it/p/19755,"1,79 €/pz","1,79","1,79",,,https://unesretailprod.blob.core.windows.net/retail/SECCHI/NON%20FOOD/19755/977C99EC-541B-4F7F-885D-F8E8BC7D9224_1_MEDIUM.Jpg
12 Vaschetta Creme Caramel U! Confronta e Risparmia,,https://www.spesaonline.unes.it/p/19754,"1,19 €/pz","1,19","1,19",,,https://unesretailprod.blob.core.windows.net/retail/SECCHI/NON%20FOOD/19754/84E0BAAB-A6E4-4BD1-A632-3521D7234F15_1_MEDIUM.Jpg
Stuzzicadenti Imbustati con Dispenser,200 Pezzi,https://www.spesaonline.unes.it/p/611400,"1,69 €/pz","1,69","1,69",,,https://unesretailprod.blob.core.windows.net/retail/SECCHI/NON%20FOOD/611400/846CFF23-57C5-492C-8078-2CF38213795F_1_MEDIUM.Jpg
40 Stecche per Spiedi U! Confronta e RIsparmia,,https://www.spesaonline.unes.it/p/47991,"0,89 €/pz","0,89","0,89",,,https://unesretailprod.blob.core.windows.net/retail/SECCHI/NON%20FOOD/47991/02E8083E-CE8F-4171-92B3-B924A8C4A8CF_1_MEDIUM.Jpg
500 Stuzzicadenti U! Confronta e Risparmia,,https://www.spesaonline.unes.it/p/47832,"1,49 €/pz","1,49","1,49",,,https://unesretailprod.blob.core.windows.net/retail/SECCHI/NON%20FOOD/47832/050865D2-7652-4BE6-9978-0BB32C836DC3_1_MEDIUM.Jpg
200 Stuzzicadenti U! Confronta e Risparmia,,https://www.spesaonline.unes.it/p/40892,"0,85 €/pz","0,85","0,85",,,https://unesretailprod.blob.core.windows.net/retail/SECCHI/NON%20FOOD/40892/9FDA715D-FEF4-4DAC-BBDF-5892F45D682B_1_MEDIUM.Jpg
50 Guanti Monouso in Lattice Naturale Misura Media U! Confronta e Risparmia,,https://www.spesaonline.unes.it/p/9784,"4,99 €/pz","4,99","4,99",,,https://unesretailprod.blob.core.windows.net/retail/SECCHI/NON%20FOOD/9784/D5926295-F4DA-4412-A5DE-02F405CA6C9E_1_MEDIUM.Jpg
50 Guanti Monouso in Lattice Naturale Misura Grande U! Confronta e Risparmia,,https://www.spesaonline.unes.it/p/9783,"4,99 €/pz","4,99","4,99",,,https://unesretailprod.blob.core.windows.net/retail/SECCHI/NON%20FOOD/9783/352F67EE-72D9-4045-B821-029A19D56927_1_MEDIUM.Jpg
Guanti Felpati in Lattice Naturale 1 Paio Misura Piccola U! Confronta e Risparmia,,https://www.spesaonline.unes.it/p/9782,"1,19 €/pz","1,19","1,19",,,https://unesretailprod.blob.core.windows.net/retail/SECCHI/NON%20FOOD/9782/83C48765-0FF2-48E5-89F3-CA26A852152E_1_MEDIUM.Jpg
Guanti Felpati in Lattice Naturale 1 Paio Misura Media U! Confronta e Risparmia,,https://www.spesaonline.unes.it/p/9781,"1,19 €/pz","1,19","1,19",,,https://unesretailprod.blob.core.windows.net/retail/SECCHI/NON%20FOOD/9781/025B0581-EEEA-47F9-9511-03CCF3BE88FD_1_MEDIUM.Jpg
Guanti Felpati in Lattice Naturale 1 Paio Misura Grande U! Confronta e Risparmia,,https://www.spesaonline.unes.it/p/9780,"1,19 €/pz","1,19","1,19",,,https://unesretailprod.blob.core.windows.net/retail/SECCHI/NON%20FOOD/9780/4737983B-C33F-40CC-B02C-13A4398786F5_1_MEDIUM.Jpg
Guanti Satinati in Lattice Naturale 1 Paio Misura Piccola U! Confronta e Risparmia,,https://www.spesaonline.unes.it/p/9779,"1,19 €/pz","1,19","1,19",,,https://unesretailprod.blob.core.windows.net/retail/SECCHI/NON%20FOOD/9779/104BCBB5-AD2D-4A8F-9851-57B44410829C_1_MEDIUM.Jpg
Guanti Satinati in Lattice Naturale 1 Paio Misura Media U! Confronta e Risparmia,,https://www.spesaonline.unes.it/p/9778,"1,19 €/pz","1,19","1,19",,,https://unesretailprod.blob.core.windows.net/retail/SECCHI/NON%20FOOD/9778/16303FFE-9C4C-421F-BE22-29D4159FB253_1_MEDIUM.Jpg
Guanti Satinati in Lattice Naturale 1 Paio Misura Grande U! Confronta e Risparmia,,https://www.spesaonline.unes.it/p/9777,"1,19 €/pz","1,19","1,19",,,https://unesretailprod.blob.core.windows.net/retail/SECCHI/NON%20FOOD/9777/2176BF3A-2565-4C05-B0E7-AF391465B7CD_1_MEDIUM.Jpg
2 Spugne Induzione Delicate U! Confronta e Risparmia,,https://www.spesaonline.unes.it/p/92254,"1,09 €/pz","1,09","1,09",,,https://unesretailprod.blob.core.windows.net/retail/SECCHI/NON%20FOOD/92254/5938BF43-508A-43F9-BED0-2E61CBA7E31E_1_MEDIUM.Jpg
2 Spugne Antigraffio Delicate U! Confronta e Risparmia,,https://www.spesaonline.unes.it/p/92253,"0,99 €/pz","0,99","0,99",,,https://unesretailprod.blob.core.windows.net/retail/SECCHI/NON%20FOOD/92253/89FCD8FD-8DBC-4CE9-81A6-E00F5F8B85C6_1_MEDIUM.Jpg
3 Spugne Azione Forte Abrasive U! Confronta e Risparmia,,https://www.spesaonline.unes.it/p/47744,"0,79 €/pz","0,79","0,79",,,https://unesretailprod.blob.core.windows.net/retail/SECCHI/NON%20FOOD/47744/6EA1BB2E-4370-4418-9D31-7C126EB5562C_1_MEDIUM.Jpg
2 Pagliette Metal Abrasive U! Confronta e Risparmia,,https://www.spesaonline.unes.it/p/10549,"1,19 €/pz","1,19","1,19",,,https://unesretailprod.blob.core.windows.net/retail/SECCHI/NON%20FOOD/10549/9727F01C-B553-4875-B292-19C2391326CE_1_MEDIUM.Jpg
3 Maxi Spugne Azione Forte Abrasive U! Confronta e Risparmia,,https://www.spesaonline.unes.it/p/10545,"0,89 €/pz","0,89","0,89",,,https://unesretailprod.blob.core.windows.net/retail/SECCHI/NON%20FOOD/10545/BFFF8004-9A15-4BBD-85BE-15D514469A1B_1_MEDIUM.Jpg
3 Spugne Impugnatura Salvaunghie Abrasive U! Confronta e Risparmia,,https://www.spesaonline.unes.it/p/10538,"0,89 €/pz","0,89","0,89",,,https://unesretailprod.blob.core.windows.net/retail/SECCHI/NON%20FOOD/10538/E53AC664-89FB-47F5-B8EA-8F51C4963FEB_1_MEDIUM.Jpg
2 Spugne Azione Forte Abrasive U! Confronta e Risparmia,,https://www.spesaonline.unes.it/p/10536,"0,89 €/pz","0,89","0,89",,,https://unesretailprod.blob.core.windows.net/retail/SECCHI/NON%20FOOD/10536/34037A97-44BE-40CD-96A4-39CF34C12D85_1_MEDIUM.Jpg
2 Spugne Antigraffio Delicate U! Confronta e Risparmia,,https://www.spesaonline.unes.it/p/10530,"0,99 €/pz","0,99","0,99",,,https://unesretailprod.blob.core.windows.net/retail/SECCHI/NON%20FOOD/10530/C209E385-A683-47BA-A44C-8C1331E842C1_1_MEDIUM.Jpg
9 Piumini Cattura Polvere U! Confronta e Risparmia,,https://www.spesaonline.unes.it/p/94363,"2,99 €/pz","2,99","2,99",,,https://unesretailprod.blob.core.windows.net/retail/SECCHI/NON%20FOOD/94363/47067F34-BF4B-4822-9182-F80DFDFA4C72_1_MEDIUM.Jpg
8 Panni Microfibra Multiuso U! Confronta e Risparmia,,https://www.spesaonline.unes.it/p/93434,"4,49 €/pz","4,49","4,49",,,https://unesretailprod.blob.core.windows.net/retail/SECCHI/NON%20FOOD/93434/00ED8E3B-C48E-47AA-8763-68EBEF63FE20_1_MEDIUM.Jpg
4 Panni Microfibra Extra Large Multiuso U! Confronta e Risparmia,,https://www.spesaonline.unes.it/p/93433,"3,79 €/pz","3,79","3,79",,,https://unesretailprod.blob.core.windows.net/retail/SECCHI/NON%20FOOD/93433/E8C6DABA-C8A5-4D61-916B-123D6D128B1B_1_MEDIUM.Jpg
1 Panno Universale per Pavimenti U! Confronta e Risparmia,,https://www.spesaonline.unes.it/p/92742,"1,99 €/pz","1,99","1,99",,,https://unesretailprod.blob.core.windows.net/retail/SECCHI/NON%20FOOD/92742/8E94235B-1111-4B75-859E-F04CCCFDF947_1_MEDIUM.Jpg
Bobina 50 Panni Cattura Polvere U! Confronta e Risparmia,,https://www.spesaonline.unes.it/p/92440,"4,99 €/pz","4,99","4,99",,,https://unesretailprod.blob.core.windows.net/retail/SECCHI/NON%20FOOD/92440/DD267980-5D64-498A-9A51-BF2429243C66_1_MEDIUM.Jpg
3 Panni Spugna Morbidi ed Assorbenti Multiuso U! Confronta e Risparmia,,https://www.spesaonline.unes.it/p/92257,"1,49 €/pz","1,49","1,49",,,https://unesretailprod.blob.core.windows.net/retail/SECCHI/NON%20FOOD/92257/F138AFDE-1110-4D2C-8E71-F2FEBF1BFE6F_1_MEDIUM.Jpg
3 Panni Lavasciuga Multiuso U! Confronta e Risparmia,,https://www.spesaonline.unes.it/p/92256,"1,19 €/pz","1,19","1,19",,,https://unesretailprod.blob.core.windows.net/retail/SECCHI/NON%20FOOD/92256/1330894D-7E70-44E9-85AF-24DDFAB6C807_1_MEDIUM.Jpg
5 Panni Spugna Morbidi ed Assorbenti Multiuso U! Confronta e Risparmia,,https://www.spesaonline.unes.it/p/55978,"1,69 €/pz","1,69","1,69",,,https://unesretailprod.blob.core.windows.net/retail/SECCHI/NON%20FOOD/55978/CF0D120E-7C81-4E65-803F-BB7B7804EB89_1_MEDIUM.Jpg
3 Panni Microfibra Multiuso U! Confronta e Risparmia,,https://www.spesaonline.unes.it/p/51596,"2,79 €/pz","2,79","2,79",,,https://unesretailprod.blob.core.windows.net/retail/SECCHI/NON%20FOOD/51596/D28E2962-1865-42BF-9F05-4ABF5FA8D327_1_MEDIUM.Jpg
1 PANNO MICROFIBRA VETRI E CRISTALLI U! Confronta&Risparmia,,https://www.spesaonline.unes.it/p/51595,"1,59 €/pz","1,59","1,59",,,https://unesretailprod.blob.core.windows.net/retail/SECCHI/NON%20FOOD/51595/956FE1FA-FAD8-4A12-BEB1-449E9F78AC7B_1_MEDIUM.Jpg
Cattura Polvere Kit Pavimenti 1 Scopa + 8 Ricambi U! Confronta e Risparmia,,https://www.spesaonline.unes.it/p/43947,"5,99 €/pz","5,99","5,99",,,https://unesretailprod.blob.core.windows.net/retail/SECCHI/NON%20FOOD/43947/C55DFC94-DB1A-4469-ACFD-4E73073A76BF_1_MEDIUM.Jpg
20 Panni Cattura Polvere U! Confronta e Risparmia,,https://www.spesaonline.unes.it/p/43946,"1,59 €/pz","1,59","1,59",,,https://unesretailprod.blob.core.windows.net/retail/SECCHI/NON%20FOOD/43946/552038A3-1D7C-4B55-8BF8-406D9A9E7C6F_1_MEDIUM.Jpg
1 Panno con Cotone per Pavimenti U! Confronta e Risparmia,,https://www.spesaonline.unes.it/p/10557,"1,49 €/pz","1,49","1,49",,,https://unesretailprod.blob.core.windows.net/retail/SECCHI/NON%20FOOD/10557/2D266B1F-C27C-40EE-A1A7-5A1CDE9A0E72_1_MEDIUM.Jpg
2 Panni Assorbenti per Pavimenti U! Confronta e Risparmia,,https://www.spesaonline.unes.it/p/10556,"1,69 €/pz","1,69","1,69",,,https://unesretailprod.blob.core.windows.net/retail/SECCHI/NON%20FOOD/10556/92B0D1C8-E047-46D6-B9BE-0E8093A90EFF_1_MEDIUM.Jpg
2 Panni Morbidi Super Assorbenti Multiuso U! Confronta e Risparmia,,https://www.spesaonline.unes.it/p/10554,"0,79 €/pz","0,79","0,79",,,https://unesretailprod.blob.core.windows.net/retail/SECCHI/NON%20FOOD/10554/8A4BEFED-8DBF-4FF2-943A-480556343C20_1_MEDIUM.Jpg
Lampada Led Goccia 13W E27 2700K U! Confronta e Risparmia,,https://www.spesaonline.unes.it/p/84175,"6,99 €/pz","6,99","6,99",,,https://unesretailprod.blob.core.windows.net/retail/SECCHI/BAZAR/84175/F052EB01-57D5-4089-B301-313A39EBD8F0_1_MEDIUM.Jpg
Lampada Led Goccia 7W E27 2700K U! Confronta e Risparmia,,https://www.spesaonline.unes.it/p/84173,"5,29 €/pz","5,29","5,29",,,https://unesretailprod.blob.core.windows.net/retail/SECCHI/BAZAR/84173/46B604F2-D425-47FA-B939-F7DA41E7A9A2_1_MEDIUM.Jpg
Lampada Led Faretto 3W GU10 2700K U! Confronta e Risparmia,,https://www.spesaonline.unes.it/p/84172,"3,49 €/pz","3,49","3,49",,,https://unesretailprod.blob.core.windows.net/retail/SECCHI/BAZAR/84172/688A46FB-F170-4EE1-B3EE-CC37762DBA41_1_MEDIUM.Jpg
Lampada Led Faretto 4W GU10 2700K U! Confronta e Risparmia,,https://www.spesaonline.unes.it/p/84171,"3,99 €/pz","3,99","3,99",,,https://unesretailprod.blob.core.windows.net/retail/SECCHI/BAZAR/84171/D3227D94-10CE-4AE4-B0B4-629B070A3BC9_1_MEDIUM.Jpg
Lampada Led Goccia 8W E27 2700K U! Confronta e Risparmia,,https://www.spesaonline.unes.it/p/84164,"3,99 €/pz","3,99","3,99",,,https://unesretailprod.blob.core.windows.net/retail/SECCHI/BAZAR/84164/9F99EC13-2B62-404C-9AC8-3731AE7EAECE_1_MEDIUM.Jpg
Lampada Led Goccia 10W E27 2700K U! Confronta e Risparmia,,https://www.spesaonline.unes.it/p/84161,"3,99 €/pz","3,99","3,99",,,https://unesretailprod.blob.core.windows.net/retail/SECCHI/BAZAR/84161/925D198B-B91E-45F3-B1DE-FFF163829266_1_MEDIUM.Jpg
Lampada Led Sfera Filamento 4,3W E14 2700K U! Confronta e Risparmia,https://www.spesaonline.unes.it/p/65033,"4,99 €/pz","4,99","4,99",,,https://unesretailprod.blob.core.windows.net/retail/SECCHI/BAZAR/65033/E8077100-2EDC-4F7C-8465-7DBE165E409E_1_MEDIUM.Jpg
Lampada Led Oliva Filamento 4,3W E14 2700K U! Confronta e Risparmia,https://www.spesaonline.unes.it/p/65028,"4,99 €/pz","4,99","4,99",,,https://unesretailprod.blob.core.windows.net/retail/SECCHI/BAZAR/65028/42D7EEAE-ADC7-4C89-898D-59F4778BC679_1_MEDIUM.Jpg
Lampada Led Goccia Filamento 4,3W E27 2700K U! Confronta e Risparmia,https://www.spesaonline.unes.it/p/65026,"4,99 €/pz","4,99","4,99",,,https://unesretailprod.blob.core.windows.net/retail/SECCHI/BAZAR/65026/06A8F6AE-4D51-4AF1-AA62-2AC9D7B7FAD5_1_MEDIUM.Jpg
Lampada Led Sfera 5,5W E27 2700K U! Confronta e Risparmia,https://www.spesaonline.unes.it/p/65017,"3,99 €/pz","3,99","3,99",,,https://unesretailprod.blob.core.windows.net/retail/SECCHI/BAZAR/65017/C1DCC825-0F83-4438-BC09-8C65C5AB6B93_1_MEDIUM.Jpg
Lampada Led Sfera 3,2W E27 2700K U! Confronta e Risparmia,https://www.spesaonline.unes.it/p/65015,"3,49 €/pz","3,49","3,49",,,https://unesretailprod.blob.core.windows.net/retail/SECCHI/BAZAR/65015/8DB25EBC-78BE-428D-B63C-794676FCA10C_1_MEDIUM.Jpg
CROCCANTINI PER CANI RICCHE DI CARNI CON MANZO U! Confronta e Risparmia,,https://www.spesaonline.unes.it/p/77825,"1 conf 2kg | 1,99 €/kg","3,99","1,99",,,https://unesretailprod.blob.core.windows.net/retail/SECCHI/SCATOLAME/77825/0656C1F9-DB45-4429-9A43-96E7397142A3_1_MEDIUM.Jpg
Crocchette Cane Medio/Grande Adulto con Pollo Fresco U! Confronta e Risparmia,,https://www.spesaonline.unes.it/p/61220,"1 conf 3kg | 2,33 €/kg","6,99","2,33",,,https://unesretailprod.blob.core.windows.net/retail/SECCHI/SCATOLAME/61220/E817D0C6-109B-4861-81CC-B4B278A233EB_1_MEDIUM.Jpg
Crocchette Cane Piccolo Adulto Ricche in Carni U! Confronta e Risparmia,,https://www.spesaonline.unes.it/p/61219,"1 conf 1,5kg | 2,39 €/kg","3,59","2,39",,,https://unesretailprod.blob.core.windows.net/retail/SECCHI/SCATOLAME/61219/3701A8E1-4EE0-4F47-8155-53AF7BC292A5_1_MEDIUM.Jpg
Crocchette Cane Junior Ricche in Carni U! Confronta e Risparmia,,https://www.spesaonline.unes.it/p/61218,"1 conf 1,5kg | 2,39 €/kg","3,59","2,39",,,https://unesretailprod.blob.core.windows.net/retail/SECCHI/SCATOLAME/61218/D893F11E-9664-4AF0-8CD7-6D1D45D422FD_1_MEDIUM.Jpg
Patè Cane Adulto Taglia Piccola con Vitello e Carote U! Confronta e Risparmia,,https://www.spesaonline.unes.it/p/9935,"1 conf 150g | 4,33 €/kg","0,65","4,33",,,https://unesretailprod.blob.core.windows.net/retail/SECCHI/SCATOLAME/9935/7C8846F4-D87E-46DE-A49E-C11EE23E14BB_1_MEDIUM.Jpg
Patè Cane Adulto Taglia Piccola con Pollo e Carote U! Confronta e Risparmia,,https://www.spesaonline.unes.it/p/9934,"1 conf 150g | 4,33 €/kg","0,65","4,33",,,https://unesretailprod.blob.core.windows.net/retail/SECCHI/SCATOLAME/9934/C7104ADE-0814-42CF-BDA8-60B7D5CA4674_1_MEDIUM.Jpg
Patè Cane Adulto Taglia Piccola con Tacchino e Anatra U! Confronta e Risparmia,,https://www.spesaonline.unes.it/p/9933,"1 conf 300g | 3,63 €/kg","1,09","3,63",,,https://unesretailprod.blob.core.windows.net/retail/SECCHI/SCATOLAME/9933/2845C0D3-956F-4327-9204-E581D7E9131B_1_MEDIUM.Jpg
Bocconcini in Salsa Cane Adulto Multipack U! Confronta e Risparmia,,https://www.spesaonline.unes.it/p/75119,"1 conf 1,2kg | 3,32 €/kg","3,99","3,32",,,https://unesretailprod.blob.core.windows.net/retail/SECCHI/SCATOLAME/75119/D163B53F-36C8-437D-94FE-E901A3E466CB_1_MEDIUM.Jpg
4 Bocconcini Cane Piccolo Adulto in Salsa U! Confronta e Risparmia,,https://www.spesaonline.unes.it/p/62080,"1 conf 400g | 4,62 €/kg","1,85","4,62",,,https://unesretailprod.blob.core.windows.net/retail/SECCHI/SCATOLAME/62080/45FBF2FF-3B60-40B7-92B9-F9B6B54DE68F_1_MEDIUM.Jpg
4 Bocconcini Cane Piccolo Adulto in Salsa U! Confronta e Risparmia,,https://www.spesaonline.unes.it/p/57972,"1 conf 400g | 4,62 €/kg","1,85","4,62",,,https://unesretailprod.blob.core.windows.net/retail/SECCHI/SCATOLAME/57972/739CE783-1C7E-479E-ACE8-34236A166128_1_MEDIUM.Jpg
Patè Cane Adulto Taglia Piccola con Manzo e Fegato U! Confronta e Risparmia,,https://www.spesaonline.unes.it/p/26845,"1 conf 300g | 3,63 €/kg","1,09","3,63",,,https://unesretailprod.blob.core.windows.net/retail/SECCHI/SCATOLAME/26845/FD901610-D171-4698-8CD5-AE17FDE4D903_1_MEDIUM.Jpg
Patè Cane Adulto Taglia Piccola con Vitello e Pollo U! Confronta e Risparmia,,https://www.spesaonline.unes.it/p/11303,"1 conf 300g | 3,63 €/kg","1,09","3,63",,,https://unesretailprod.blob.core.windows.net/retail/SECCHI/SCATOLAME/11303/85C573B3-BBE0-4AA1-9AF1-67D09141E5D3_1_MEDIUM.Jpg
Patè Cane Manzo U! Confronta e Risparmia,,https://www.spesaonline.unes.it/p/11302,"1 conf 150g | 4,33 €/kg","0,65","4,33",,,https://unesretailprod.blob.core.windows.net/retail/SECCHI/SCATOLAME/11302/7EE18DAD-F47C-4704-B8A2-67A19895BDC6_1_MEDIUM.Jpg
BISCOTTI CANE Media e Grande Taglia U! Confronta e Risparmia,,https://www.spesaonline.unes.it/p/77546,"1 conf 500g | 4,38 €/kg","2,19","4,38",,,https://unesretailprod.blob.core.windows.net/retail/SECCHI/SCATOLAME/77546/7244647C-15A0-4518-9E6B-A56E0D4F4BEC_1_MEDIUM.Jpg
Dental Snack Cane Piccolo con Microgranuli di Calcio U! Confronta e Risparmia,,https://www.spesaonline.unes.it/p/51556,"1 conf 110g | 16,27 €/kg","1,79","16,27",,,https://unesretailprod.blob.core.windows.net/retail/SECCHI/SCATOLAME/51556/A238C6E8-A7D3-4497-B0A7-EB712E0CB0A2_1_MEDIUM.Jpg
Biscotto Mini per Cani di Taglia Piccola U! Confronta e Risparmia - 500 g,,https://www.spesaonline.unes.it/p/38007,"1 conf 500g | 4,78 €/kg","2,39","4,78",,,https://unesretailprod.blob.core.windows.net/retail/SECCHI/SCATOLAME/38007/F16F3FFA-3622-4B91-9E7B-FD529255B88B_1_MEDIUM.Jpg
Dogsticks con Salmone U! Confronta e Risparmia,,https://www.spesaonline.unes.it/p/28689,"1 conf 90g | 17,66 €/kg","1,59","17,66",,,https://unesretailprod.blob.core.windows.net/retail/SECCHI/SCATOLAME/28689/1182CA86-883C-4AE8-921F-40C4E4886074_1_MEDIUM.Jpg
Dog Sticks con Pollo U! Confronta e Risparmia,,https://www.spesaonline.unes.it/p/28688,"1 conf 90g | 17,66 €/kg","1,59","17,66",,,https://unesretailprod.blob.core.windows.net/retail/SECCHI/SCATOLAME/28688/0DD1B964-7258-41BE-B30E-11781F5F527C_1_MEDIUM.Jpg
Dental Snack Cane Medio con Microgranuli di Calcio U! Confronta e Risparmia,,https://www.spesaonline.unes.it/p/28687,"1 conf 180g | 11,05 €/kg","1,99","11,05",,,https://unesretailprod.blob.core.windows.net/retail/SECCHI/SCATOLAME/28687/11CD2EA3-1D70-4061-B8CE-AC24127EF308_1_MEDIUM.Jpg
CROCCANTINI PER GATTI CON POLLO E MANZO U! Confronta e Risparmia,,https://www.spesaonline.unes.it/p/77824,"1 conf 2kg | 1,99 €/kg","3,99","1,99",,,https://unesretailprod.blob.core.windows.net/retail/SECCHI/SCATOLAME/77824/3C36E322-E94F-4817-8486-DC977816BF64_1_MEDIUM.Jpg
CROCCANTINI PER GATTI CON PESCE U! Confronta e Risparmia,,https://www.spesaonline.unes.it/p/77823,"1 conf 400g | 2,97 €/kg","1,19","2,97",,,https://unesretailprod.blob.core.windows.net/retail/SECCHI/SCATOLAME/77823/7DA92EA9-FB90-47EF-9165-2E2AF6990F54_1_MEDIUM.Jpg
CROCCANTINI PER GATTI CON POLLO E TACCHINO U! Confronta e Risparmia,,https://www.spesaonline.unes.it/p/77822,"1 conf 400g | 2,97 €/kg","1,19","2,97",,,https://unesretailprod.blob.core.windows.net/retail/SECCHI/SCATOLAME/77822/6A498432-1D49-4B31-9588-94E507172633_1_MEDIUM.Jpg
Croccantini Gatto Junior Ricchi in Carne U! Confronta e Risparmia,,https://www.spesaonline.unes.it/p/61216,"1 conf 400g | 4,72 €/kg","1,89","4,72",,,https://unesretailprod.blob.core.windows.net/retail/SECCHI/SCATOLAME/61216/880873A4-F867-4B53-8A94-88448191D412_1_MEDIUM.Jpg
Fagottini Gatto Sterilizzato con Pollo e Pomodoro U! Confronta e Risparmia,,https://www.spesaonline.unes.it/p/55800,"1 conf 60g | 16,50 €/kg","0,99","16,50",,,https://unesretailprod.blob.core.windows.net/retail/SECCHI/SCATOLAME/55800/4A7531D6-4796-4F86-BF11-62276EBB7FB5_1_MEDIUM.Jpg
Croccantini Gatto Adulto Sterilizzato con Pollo,Tacchino e Piselli U! Confronta e Risparmia,https://www.spesaonline.unes.it/p/47467,"1 conf 800g | 3,73 €/kg","2,99","3,73",,,https://unesretailprod.blob.core.windows.net/retail/SECCHI/SCATOLAME/47467/42156D00-1E48-4D02-B87A-B4017B10B585_1_MEDIUM.Jpg
Croccantini Gatto Adulto Ricchi in Pollo,con Riso U! Confronta e Risparmia,https://www.spesaonline.unes.it/p/47466,"1 conf 800g | 3,73 €/kg","2,99","3,73",,,https://unesretailprod.blob.core.windows.net/retail/SECCHI/SCATOLAME/47466/3A8BAABD-BCD4-43D9-A98A-C11268A8EDFC_1_MEDIUM.Jpg
Croccantini Gatto Adulto Sterilizzato con Pesce U! Confronta e Risparmia,,https://www.spesaonline.unes.it/p/47465,"1 conf 800g | 3,73 €/kg","2,99","3,73",,,https://unesretailprod.blob.core.windows.net/retail/SECCHI/SCATOLAME/47465/3AF29499-8786-4159-AF49-ABF446DCE901_1_MEDIUM.Jpg
Snack Gatto Ricchi in Pollo con Vitamine U! Confronta e Risparmia,,https://www.spesaonline.unes.it/p/47464,"1 conf 60g | 16,50 €/kg","0,99","16,50",,,https://unesretailprod.blob.core.windows.net/retail/SECCHI/SCATOLAME/47464/BC26530C-E6A0-44DA-A55F-4EBEEDBC1A8A_1_MEDIUM.Jpg
Fagottini Gatto con Pollo e Formaggio U! Confronta e Risparmia,,https://www.spesaonline.unes.it/p/47463,"1 conf 60g | 16,50 €/kg","0,99","16,50",,,https://unesretailprod.blob.core.windows.net/retail/SECCHI/SCATOLAME/47463/7A4CD92F-58AC-4CA1-80EC-7EA6C467A52A_1_MEDIUM.Jpg
Paté Gatto Adulto con Salmone U! Confronta e Risparmia,,https://www.spesaonline.unes.it/p/9928,"1 conf 100g | 4,20 €/kg","0,42","4,20",,,https://unesretailprod.blob.core.windows.net/retail/SECCHI/SCATOLAME/9928/FABCB293-01F7-4C5F-80BF-3A0B349A6F46_1_MEDIUM.Jpg
Paté Gatto Adulto con Manzo U! Confronta e Risparmia,,https://www.spesaonline.unes.it/p/9927,"1 conf 100g | 4,20 €/kg","0,42","4,20",,,https://unesretailprod.blob.core.windows.net/retail/SECCHI/SCATOLAME/9927/C940168D-5A34-4C59-9DB6-4F2507A43933_1_MEDIUM.Jpg
Paté Gatto Adulto con Pollo U! Confronta e Risparmia,,https://www.spesaonline.unes.it/p/9925,"1 conf 100g | 4,20 €/kg","0,42","4,20",,,https://unesretailprod.blob.core.windows.net/retail/SECCHI/SCATOLAME/9925/2D793D75-C8F8-46A8-BB14-9021C3A67B89_1_MEDIUM.Jpg
Paté Gatto Junior con Pollo e Latte U! Confronta e Risparmia,,https://www.spesaonline.unes.it/p/75120,"1 conf 100g | 3,90 €/kg","0,39","3,90",,,https://unesretailprod.blob.core.windows.net/retail/SECCHI/SCATOLAME/75120/BCFDB4A4-4135-43F2-B740-E9DE15388C11_1_MEDIUM.Jpg
Bocconcini in Salsa Gatto Adulto Multipack U! Confronta e Risparmia,,https://www.spesaonline.unes.it/p/75117,"1 conf 2,4kg | 3,32 €/kg","7,99","3,32",,,https://unesretailprod.blob.core.windows.net/retail/SECCHI/SCATOLAME/75117/C36FB4D7-CF3F-4942-BBF2-A089BDC9F741_1_MEDIUM.Jpg
Straccetti Gatto con Pollo,Tacchino e Ortaggi U! Confronta e Risparmia,https://www.spesaonline.unes.it/p/75112,"1 conf 85g | 5,76 €/kg","0,49","5,76",,,https://unesretailprod.blob.core.windows.net/retail/SECCHI/SCATOLAME/75112/09F34819-C8D7-4E7D-B86E-3E881AAF4FB6_1_MEDIUM.Jpg
Straccetti Gatto con Pollo al Timo U! Confronta e Risparmia,,https://www.spesaonline.unes.it/p/75111,"1 conf 85g | 5,76 €/kg","0,49","5,76",,,https://unesretailprod.blob.core.windows.net/retail/SECCHI/SCATOLAME/75111/6C046024-7D41-4E6C-9101-9E07511559B7_1_MEDIUM.Jpg
Straccetti Gatto con Coniglio e Ortaggi U! Confronta e Risparmia,,https://www.spesaonline.unes.it/p/75110,"1 conf 85g | 5,76 €/kg","0,49","5,76",,,https://unesretailprod.blob.core.windows.net/retail/SECCHI/SCATOLAME/75110/C0BDE932-8B34-4A15-BBF2-B295AA9350B4_1_MEDIUM.Jpg
Straccetti Gatto con Pollo,Anatra e Ortaggi U! Confronta e Risparmia,https://www.spesaonline.unes.it/p/75109,"1 conf 85g | 5,76 €/kg","0,49","5,76",,,https://unesretailprod.blob.core.windows.net/retail/SECCHI/SCATOLAME/75109/735AF0EF-F3E5-4CA0-9BED-F23BA4CC8F50_1_MEDIUM.Jpg
12 Bocconcini in Gelatina Assortiti U! Confronta e Risparmia,,https://www.spesaonline.unes.it/p/62081,"1 conf 1,2kg | 3,65 €/kg","4,39","3,65",,,https://unesretailprod.blob.core.windows.net/retail/SECCHI/SCATOLAME/62081/E3D6D160-86F5-440C-ADF8-1FFE0812932A_1_MEDIUM.Jpg
4 Straccetti Gatto in Salsa Salmone e Tonno U! Confronta e Risparmia,,https://www.spesaonline.unes.it/p/62079,"1 conf 340g | 5,85 €/kg","1,99","5,85",,,https://unesretailprod.blob.core.windows.net/retail/SECCHI/SCATOLAME/62079/BEBDE537-0CA2-464D-9F06-E38FD320A1DD_1_MEDIUM.Jpg
4 Straccetti Gatto in Salsa Manzo e Tacchino U! Confronta e Risparmia,,https://www.spesaonline.unes.it/p/57971,"1 conf 340g | 5,85 €/kg","1,99","5,85",,,https://unesretailprod.blob.core.windows.net/retail/SECCHI/SCATOLAME/57971/DC2D1DD4-1EE0-4D0E-B7C6-A598100124BB_1_MEDIUM.Jpg
4 Bocconcini Gatto Sterilizzato in Salsa U! Confronta e Risparmia,,https://www.spesaonline.unes.it/p/57970,"1 conf 400g | 4,22 €/kg","1,69","4,22",,,https://unesretailprod.blob.core.windows.net/retail/SECCHI/SCATOLAME/57970/44C8A0F0-0DEF-47E0-8E26-21845853B648_1_MEDIUM.Jpg
4 Bocconcini Gatto Sterilizzato in Gelatina U! Confronta e Risparmia,,https://www.spesaonline.unes.it/p/57969,"1 conf 400g | 4,22 €/kg","1,69","4,22",,,https://unesretailprod.blob.core.windows.net/retail/SECCHI/SCATOLAME/57969/FBF84A67-268B-4427-9A68-90E66E856EE3_1_MEDIUM.Jpg
12 Monoporzioni Bocconcini in Salsa Assortiti U! Confronta e Risparmia,,https://www.spesaonline.unes.it/p/57967,"1 conf 1,2kg | 3,65 €/kg","4,39","3,65",,,https://unesretailprod.blob.core.windows.net/retail/SECCHI/SCATOLAME/57967/497D3304-2C64-4963-929C-EB8DD13818AB_1_MEDIUM.Jpg
4 Bocconcini Gatto in Salsa Trota-Salmone e Tonno-Merluzzo U! Confronta e Risparmia,,https://www.spesaonline.unes.it/p/47666,"1 conf 400g | 4,22 €/kg","1,69","4,22",,,https://unesretailprod.blob.core.windows.net/retail/SECCHI/SCATOLAME/47666/717F5971-8100-4282-820D-E7BD1B9BA369_1_MEDIUM.Jpg
4 Bocconcini Gatto in Salsa Pollo-Fegato e Manzo-Ortaggi U! Confronta e Risparmia,,https://www.spesaonline.unes.it/p/47665,"1 conf 400g | 4,22 €/kg","1,69","4,22",,,https://unesretailprod.blob.core.windows.net/retail/SECCHI/SCATOLAME/47665/23A217E3-6ECE-4C3C-8DD0-8E7EA4CAD663_1_MEDIUM.Jpg
Bocconcini in Salsa con Salmone e Tonno U! Confronta e Risparmia,,https://www.spesaonline.unes.it/p/27113,"1 conf 100g | 4,50 €/kg","0,45","4,50",,,https://unesretailprod.blob.core.windows.net/retail/SECCHI/SCATOLAME/27113/A81A09AC-11C6-486A-855B-8F9B0898893C_1_MEDIUM.Jpg
Bocconcini in Salsa con Pollo e Tacchino U! Confronta e Risparmia,,https://www.spesaonline.unes.it/p/27108,"1 conf 100g | 4,50 €/kg","0,45","4,50",,,https://unesretailprod.blob.core.windows.net/retail/SECCHI/SCATOLAME/27108/A9A1F999-51DF-40CB-9F27-85E3037DEA72_1_MEDIUM.Jpg
Bocconcini in Salsa con Manzo e Ortaggi U! Confronta e Risparmia,,https://www.spesaonline.unes.it/p/27100,"1 conf 100g | 4,50 €/kg","0,45","4,50",,,https://unesretailprod.blob.core.windows.net/retail/SECCHI/SCATOLAME/27100/EF58D4B1-7D81-4B98-9F96-80AC6503AD40_1_MEDIUM.Jpg
Lettiera Igienica per Gatti Super Agglomerante U! Confronta e Risparmia,,https://www.spesaonline.unes.it/p/67343,"1 conf 5l | 0,77 €/l","3,89","0,77",,,https://unesretailprod.blob.core.windows.net/retail/SECCHI/SCATOLAME/67343/0168979D-65EA-45E5-B2DC-D9441F6CAE89_1_MEDIUM.Jpg
Lettiera Igienica per Gatti Agglomerante U! Confronta e Risparmia,,https://www.spesaonline.unes.it/p/41414,"1 conf 5kg | 0,37 €/kg","1,89","0,37",,,https://unesretailprod.blob.core.windows.net/retail/SECCHI/SCATOLAME/41414/15B6EE1C-C183-4279-9313-EFCA4C7D3395_1_MEDIUM.Jpg
Lettiera Igienica per Gatti Assorbente U! Confronta e Risparmia,,https://www.spesaonline.unes.it/p/27140,"1 conf 10l | 0,43 €/l","4,39","0,43",,,https://unesretailprod.blob.core.windows.net/retail/SECCHI/SCATOLAME/27140/A010856C-C7DA-4273-9535-250A0CD5B06D_1_MEDIUM.Jpg
40 Salviette Detergenti Pelo e Zampe U! Confronta e Risparmia,,https://www.spesaonline.unes.it/p/60769,"1 conf 40pz | 2,40 €/pz","2,40","2,40",,,https://unesretailprod.blob.core.windows.net/retail/SECCHI/SCATOLAME/60769/8303263F-57C5-4AB5-8ED6-CC1CCA5CC7D9_1_MEDIUM.Jpg
TAPPETINI IGIENICI per animali MISURA GRANDE U! Confronta&Risparmia,,https://www.spesaonline.unes.it/p/27909,"1 conf 10pz | 5,29 €/pz","5,29","5,29",,,https://unesretailprod.blob.core.windows.net/retail/SECCHI/SCATOLAME/27909/3F50C019-D5B3-4694-9470-62EF851C6DC0_1_MEDIUM.Jpg
TAPPETINI IGIENICI per animali MISURA MEDIA U! Confronta&Risparmia,,https://www.spesaonline.unes.it/p/27908,"1 conf 10pz | 3,69 €/pz","3,69","3,69",,,https://unesretailprod.blob.core.windows.net/retail/SECCHI/SCATOLAME/27908/9A021D94-114E-4C2E-9334-682ED8EFF745_1_MEDIUM.Jpg
Vino Rosato U! Confronta e Risparmia,,https://www.spesaonline.unes.it/p/27674,"1 conf 1l | 1,39 €/l","1,39","1,39",,,https://unesretailprod.blob.core.windows.net/retail/SECCHI/SCATOLAME/27674/A618FC99-8707-4B95-B047-20804C89DF34_1_MEDIUM.Jpg
Vino Rosso U! Confronta e Risparmia,,https://www.spesaonline.unes.it/p/23499,"1 conf 100cl | 1,39 €/l","1,39","1,39",,,https://unesretailprod.blob.core.windows.net/retail/SECCHI/SCATOLAME/23499/B15E3EC7-2715-41D0-947B-079B2222D633_1_MEDIUM.Jpg
Vino Bianco U! Confronta e Risparmia,,https://www.spesaonline.unes.it/p/23498,"1 conf 100cl | 1,39 €/l","1,39","1,39",,,https://unesretailprod.blob.core.windows.net/retail/SECCHI/SCATOLAME/23498/0507E2A0-A958-49E4-8437-E78E8F5847DD_1_MEDIUM.Jpg
6 Bitter Gold U! Confronta e Risparmia,,https://www.spesaonline.unes.it/p/6009,"1 conf 60cl | 3,31 €/l","1,59","3,31",€0.40,10/12,https://unesretailprod.blob.core.windows.net/retail/SECCHI/SCATOLAME/6009/A1DBE7B2-B043-401D-9D78-0CAB204F7A40_1_MEDIUM.Jpg
6 Bitter Red U! Confronta e Risparmia,,https://www.spesaonline.unes.it/p/6007,"1 conf 60cl | 3,31 €/l","1,59","3,31",€0.40,10/12,https://unesretailprod.blob.core.windows.net/retail/SECCHI/SCATOLAME/6007/D480F8FA-82BA-4D11-A8C2-3308C2D2ED6D_1_MEDIUM.Jpg
Acqua Naturale Altevette,1.5 l,https://www.spesaonline.unes.it/p/89193,"1 conf 900cl | 0,23 €/l","2,10","0,23",,,https://unesretailprod.blob.core.windows.net/retail/SECCHI/SCATOLAME/89193/20A2BE1F-0A10-457A-8C1C-62D287A9AA68_U1_MEDIUM.Jpg
Acqua Altevette Frizzante,6x1.5 l,https://www.spesaonline.unes.it/p/89194,"1 conf 900cl | 0,23 €/l","2,10","0,23",,,https://unesretailprod.blob.core.windows.net/retail/SECCHI/SCATOLAME/89194/2AAD193F-113D-499C-887D-AA060FA4387C_U1_MEDIUM.Jpg
Acqua Altevette Leggermente Frizzante,6x1.5 l,https://www.spesaonline.unes.it/p/89197,"1 conf 900cl | 0,23 €/l","2,10","0,23",,,https://unesretailprod.blob.core.windows.net/retail/SECCHI/SCATOLAME/89197/D3C6154A-5CA1-4532-879B-AF5F90187603_U1_MEDIUM.Jpg
Cola Zero U! Confronta e Risparmia,,https://www.spesaonline.unes.it/p/59608,"1 conf 150cl | 0,56 €/l","0,85","0,56",,,https://unesretailprod.blob.core.windows.net/retail/SECCHI/SCATOLAME/59608/A495338E-A212-405B-AB15-30734AB54E4C_1_MEDIUM.Jpg
Cola Senza Caffeina U! Confronta e Risparmia,,https://www.spesaonline.unes.it/p/41502,"1 conf 150cl | 0,56 €/l","0,85","0,56",,,https://unesretailprod.blob.core.windows.net/retail/SECCHI/SCATOLAME/41502/23FCF4BC-622D-43E3-B3EA-868A4309D1C3_1_MEDIUM.Jpg
Cola U! Confronta e Risparmia,,https://www.spesaonline.unes.it/p/26783,"1 conf 150cl | 0,56 €/l","0,85","0,56",,,https://unesretailprod.blob.core.windows.net/retail/SECCHI/SCATOLAME/26783/CB17C7DE-6420-448F-BFA8-606A2028A2D5_1_MEDIUM.Jpg
Aranciata Zero U! Confronta e Risparmia,,https://www.spesaonline.unes.it/p/67170,"1 conf 150cl | 0,56 €/l","0,85","0,56",,,https://unesretailprod.blob.core.windows.net/retail/SECCHI/SCATOLAME/67170/74BE1C39-65B4-42CD-8A7C-D873B1AE9645_1_MEDIUM.Jpg
Aranciata U! Confronta e Risparmia,,https://www.spesaonline.unes.it/p/67169,"1 conf 150cl | 0,56 €/l","0,85","0,56",,,https://unesretailprod.blob.core.windows.net/retail/SECCHI/SCATOLAME/67169/63EE01AA-F0B0-4E70-A008-C65A0C1C2C37_1_MEDIUM.Jpg
Chinotto Zero U! Confronta e Risparmia,,https://www.spesaonline.unes.it/p/6035,"1 conf 150cl | 0,52 €/l","0,79","0,52",,,https://unesretailprod.blob.core.windows.net/retail/SECCHI/SCATOLAME/6035/45F718C2-045F-4803-A037-F62192D143BD_1_MEDIUM.Jpg
Ginger Zero U! Confronta e Risparmia,,https://www.spesaonline.unes.it/p/6034,"1 conf 150cl | 0,52 €/l","0,79","0,52",,,https://unesretailprod.blob.core.windows.net/retail/SECCHI/SCATOLAME/6034/BA768BB0-89C3-4623-A590-3CE867C5EC66_1_MEDIUM.Jpg
Gazzosa Zero U! Confronta e Risparmia,,https://www.spesaonline.unes.it/p/6033,"1 conf 150cl | 0,52 €/l","0,79","0,52",,,https://unesretailprod.blob.core.windows.net/retail/SECCHI/SCATOLAME/6033/0C95A6CD-3404-4706-82D4-5D1370374C3C_1_MEDIUM.Jpg
Pompelmo Zero U! Confronta e Risparmia,,https://www.spesaonline.unes.it/p/6031,"1 conf 150cl | 0,52 €/l","0,79","0,52",,,https://unesretailprod.blob.core.windows.net/retail/SECCHI/SCATOLAME/6031/A582C643-4522-45A0-B31D-A5531860ED53_1_MEDIUM.Jpg
Ginger U! Confronta e Risparmia,,https://www.spesaonline.unes.it/p/26782,"1 conf 150cl | 0,56 €/l","0,85","0,56",,,https://unesretailprod.blob.core.windows.net/retail/SECCHI/SCATOLAME/26782/119337D6-E8C1-4C58-AC36-6CA8D4E4626D_1_MEDIUM.Jpg
Gazzosa U! Confronta e Risparmia,,https://www.spesaonline.unes.it/p/26780,"1 conf 150cl | 0,56 €/l","0,85","0,56",,,https://unesretailprod.blob.core.windows.net/retail/SECCHI/SCATOLAME/26780/283C948F-3630-444C-9E15-FC2674F0E961_1_MEDIUM.Jpg
Tonica Pompelmo in Rosa U! Confronta e Risparmia,,https://www.spesaonline.unes.it/p/67165,"1 conf 100cl | 0,79 €/l","0,69","0,79",€0.10,10/12,https://unesretailprod.blob.core.windows.net/retail/SECCHI/SCATOLAME/67165/5C19A59A-456D-4543-A662-11A7001AA29A_1_MEDIUM.Jpg
Tonica Lemon U! Confronta e Risparmia,,https://www.spesaonline.unes.it/p/67164,"1 conf 100cl | 0,79 €/l","0,69","0,79",€0.10,10/12,https://unesretailprod.blob.core.windows.net/retail/SECCHI/SCATOLAME/67164/99C1BB77-9BEA-4630-999A-7D55D8D02A11_1_MEDIUM.Jpg
Tonica U! Confronta e Risparmia,,https://www.spesaonline.unes.it/p/43445,"1 conf 50cl | 0,98 €/l","0,49","0,98",,,https://unesretailprod.blob.core.windows.net/retail/SECCHI/SCATOLAME/43445/66E581A4-9251-45DF-AE2B-3EBD9C24C3F5_1_MEDIUM.Jpg
Tonica U! Confronta e Risparmia,,https://www.spesaonline.unes.it/p/12050,"1 conf 100cl | 0,79 €/l","0,69","0,79",€0.10,10/12,https://unesretailprod.blob.core.windows.net/retail/SECCHI/SCATOLAME/12050/9514CE3E-24ED-41E9-8FBB-DEF481F5FFB8_1_MEDIUM.Jpg
THÈ ZERO ZUCCHERI AL GUSTO PESCA U! Confronta e Risparmia,,https://www.spesaonline.unes.it/p/79128,"1 conf 150cl | 0,63 €/l","0,95","0,63",,,https://unesretailprod.blob.core.windows.net/retail/SECCHI/SCATOLAME/79128/A7D176FA-1626-4A04-8F8D-5393B0DEDC9B_1_MEDIUM.Jpg
THÈ ZERO ZUCCHERI AL GUSTO LIMONE U! Confronta e Risparmia,,https://www.spesaonline.unes.it/p/79127,"1 conf 150cl | 0,63 €/l","0,95","0,63",,,https://unesretailprod.blob.core.windows.net/retail/SECCHI/SCATOLAME/79127/CBE9FAAC-B943-49C3-96DB-ED89C07DA852_1_MEDIUM.Jpg
Thè Pesca U! Confronta e Risparmia,,https://www.spesaonline.unes.it/p/6011,"1 conf 50cl | 1,10 €/l","0,55","1,10",,,https://unesretailprod.blob.core.windows.net/retail/SECCHI/SCATOLAME/6011/1645799B-0923-407D-99D7-F709825AD11E_1_MEDIUM.Jpg
Thè Limone U! Confronta e Risparmia,,https://www.spesaonline.unes.it/p/6010,"1 conf 50cl | 1,10 €/l","0,55","1,10",,,https://unesretailprod.blob.core.windows.net/retail/SECCHI/SCATOLAME/6010/0508D336-5E63-471F-B592-389DA7308E63_1_MEDIUM.Jpg
Thè Limone U! Confronta e Risparmia,,https://www.spesaonline.unes.it/p/6005,"1 conf 150cl | 0,66 €/l","0,99","0,66",,,https://unesretailprod.blob.core.windows.net/retail/SECCHI/SCATOLAME/6005/4FD0F604-39C0-4FD1-B1F2-3CCD7AB7E14A_1_MEDIUM.Jpg
Thè Pesca U! Confronta e Risparmia,,https://www.spesaonline.unes.it/p/6004,"1 conf 150cl | 0,66 €/l","0,99","0,66",,,https://unesretailprod.blob.core.windows.net/retail/SECCHI/SCATOLAME/6004/6A737EEC-67E4-4FA0-8D00-AF473D7C1E5C_1_MEDIUM.Jpg
Thè Pesca U! Confronta e Risparmia,,https://www.spesaonline.unes.it/p/11204,"1 conf 60cl | 1,08 €/l","0,65","1,08",,,https://unesretailprod.blob.core.windows.net/retail/SECCHI/SCATOLAME/11204/32BDC993-72A0-41A0-9772-87F163C50ABC_1_MEDIUM.Jpg
Thè Limone U! Confronta e Risparmia,,https://www.spesaonline.unes.it/p/11203,"1 conf 60cl | 1,08 €/l","0,65","1,08",,,https://unesretailprod.blob.core.windows.net/retail/SECCHI/SCATOLAME/11203/6F48A912-D2DE-4F4E-82D1-25D8651947BE_1_MEDIUM.Jpg
6 Nettare di Mirtillo U! Confronta e Risparmia,,https://www.spesaonline.unes.it/p/48018,"1 conf 750ml | 5,32 €/l","2,99","5,32",€1.00,10/12,https://unesretailprod.blob.core.windows.net/retail/SECCHI/SCATOLAME/48018/719680B2-011B-4CF8-9EB2-A7D6E8A511EC_1_MEDIUM.Jpg
6 Succo di Pomodoro U! Confronta e Risparmia,,https://www.spesaonline.unes.it/p/12270,"1 conf 750ml | 3,58 €/l","2,69","3,58",,,https://unesretailprod.blob.core.windows.net/retail/SECCHI/SCATOLAME/12270/809C80F5-C73C-4BD7-AD4A-F84781B5ED3A_1_MEDIUM.Jpg
6 Nettare di Albicocca U! Confronta e Risparmia,,https://www.spesaonline.unes.it/p/12269,"1 conf 750ml | 3,18 €/l","1,59","3,18",€0.80,10/12,https://unesretailprod.blob.core.windows.net/retail/SECCHI/SCATOLAME/12269/1E46CD25-6D18-4F5E-89F1-733481D0EFDB_1_MEDIUM.Jpg
6 Nettare di Pesca U! Confronta e Risparmia,,https://www.spesaonline.unes.it/p/12268,"1 conf 750ml | 3,18 €/l","1,59","3,18",€0.80,10/12,https://unesretailprod.blob.core.windows.net/retail/SECCHI/SCATOLAME/12268/38526AF6-023B-4FDC-99F5-FFDBF4DE4D78_1_MEDIUM.Jpg
6 Nettare di Pera U! Confronta e Risparmia,,https://www.spesaonline.unes.it/p/12267,"1 conf 750ml | 3,18 €/l","1,59","3,18",€0.80,10/12,https://unesretailprod.blob.core.windows.net/retail/SECCHI/SCATOLAME/12267/285A024D-9B3E-4BED-B71F-2E75EB380EE1_1_MEDIUM.Jpg
Nettare di Albicocca U! Confronta e Risparmia,,https://www.spesaonline.unes.it/p/12245,"1 conf 100cl | 1,49 €/l","1,49","1,49",,,https://unesretailprod.blob.core.windows.net/retail/SECCHI/SCATOLAME/12245/7EC937FA-03B8-42A4-8A7C-21C6C3EBDF70_1_MEDIUM.Jpg
Nettare di Pesca U! Confronta e Risparmia,,https://www.spesaonline.unes.it/p/12244,"1 conf 100cl | 1,49 €/l","1,49","1,49",,,https://unesretailprod.blob.core.windows.net/retail/SECCHI/SCATOLAME/12244/29A53976-E445-402B-BEF9-C15EEE4BF6EC_1_MEDIUM.Jpg
Nettare di Pera U! Confronta e Risparmia,,https://www.spesaonline.unes.it/p/12243,"1 conf 100cl | 1,49 €/l","1,49","1,49",,,https://unesretailprod.blob.core.windows.net/retail/SECCHI/SCATOLAME/12243/E57DC697-00E9-41C8-ACD7-737A4D7323F4_1_MEDIUM.Jpg
Bevanda di Agrumi Mix U! Confronta e Risparmia,,https://www.spesaonline.unes.it/p/15423,"1 conf 150cl | 1,12 €/l","1,69","1,12",,,https://unesretailprod.blob.core.windows.net/retail/SECCHI/SCATOLAME/15423/86EC2E9F-16F1-499A-9758-2F183FE88E6A_1_MEDIUM.Jpg
3 Bevanda di Arancia,Limone e Carota U! Confronta e Risparmia,https://www.spesaonline.unes.it/p/12287,"1 conf 600ml | 2,15 €/l","1,29","2,15",,,https://unesretailprod.blob.core.windows.net/retail/SECCHI/SCATOLAME/12287/B62A97B5-F650-475A-BDAD-E43D18E41687_1_MEDIUM.Jpg
3 Nettare di Ananas U! Confronta e Risparmia,,https://www.spesaonline.unes.it/p/12286,"1 conf 600ml | 2,15 €/l","1,29","2,15",,,https://unesretailprod.blob.core.windows.net/retail/SECCHI/SCATOLAME/12286/94D4A568-FAE6-4FCB-90DF-004D837DF4B3_1_MEDIUM.Jpg
3 Nettare di Arancia U! Confronta e Risparmia,,https://www.spesaonline.unes.it/p/12285,"1 conf 600ml | 2,15 €/l","1,29","2,15",,,https://unesretailprod.blob.core.windows.net/retail/SECCHI/SCATOLAME/12285/AB9EF559-334A-4092-8B1F-1F6D51408214_1_MEDIUM.Jpg
3 Nettare di Mela U! Confronta e Risparmia,,https://www.spesaonline.unes.it/p/12284,"1 conf 600ml | 2,15 €/l","1,29","2,15",,,https://unesretailprod.blob.core.windows.net/retail/SECCHI/SCATOLAME/12284/C1D98D7F-0420-475A-8843-0C5D189A769D_1_MEDIUM.Jpg
3 Nettare di Albicocca U! Confronta e Risparmia,,https://www.spesaonline.unes.it/p/12283,"1 conf 600ml | 2,15 €/l","1,29","2,15",,,https://unesretailprod.blob.core.windows.net/retail/SECCHI/SCATOLAME/12283/CDF34769-D249-499B-A337-244BBF038E59_1_MEDIUM.Jpg
3 Nettare di Pesca U! Confronta e Risparmia,,https://www.spesaonline.unes.it/p/12282,"1 conf 600ml | 2,15 €/l","1,29","2,15",,,https://unesretailprod.blob.core.windows.net/retail/SECCHI/SCATOLAME/12282/33B468A6-ADF6-4907-887F-2E8C7E591ADE_1_MEDIUM.Jpg
3 Nettare di Pera U! Confronta e Risparmia,,https://www.spesaonline.unes.it/p/12281,"1 conf 600ml | 2,15 €/l","1,29","2,15",,,https://unesretailprod.blob.core.windows.net/retail/SECCHI/SCATOLAME/12281/FED24A7B-11DD-450F-AE97-BF594D252413_1_MEDIUM.Jpg
Bevanda ACE U! Confronta e Risparmia,,https://www.spesaonline.unes.it/p/12280,"1 conf 150cl | 1,12 €/l","1,69","1,12",,,https://unesretailprod.blob.core.windows.net/retail/SECCHI/SCATOLAME/12280/9EDA5DB4-9884-4DE5-9A0D-5A909BE8FD4F_1_MEDIUM.Jpg
Multivitaminico U! Confronta e Risparmia,,https://www.spesaonline.unes.it/p/12279,"1 conf 150cl | 1,12 €/l","1,69","1,12",,,https://unesretailprod.blob.core.windows.net/retail/SECCHI/SCATOLAME/12279/7C03951B-8D93-45FC-BB7F-FB049DDBD420_1_MEDIUM.Jpg
Bevanda di Arancia Rossa U! Confronta e Risparmia,,https://www.spesaonline.unes.it/p/12276,"1 conf 150cl | 1,12 €/l","1,69","1,12",,,https://unesretailprod.blob.core.windows.net/retail/SECCHI/SCATOLAME/12276/1FF50283-6246-4B8B-B4B4-DA474BB7C270_1_MEDIUM.Jpg
Bevanda di Ananas U! Confronta e Risparmia,,https://www.spesaonline.unes.it/p/12273,"1 conf 150cl | 1,12 €/l","1,69","1,12",,,https://unesretailprod.blob.core.windows.net/retail/SECCHI/SCATOLAME/12273/8C0EC84F-5E00-464B-8225-31D2327B73B4_1_MEDIUM.Jpg
Succo Ace U! Confronta e Risparmia,,https://www.spesaonline.unes.it/p/12242,"1 conf 100cl | 1,59 €/l","1,39","1,59",€0.20,10/12,https://unesretailprod.blob.core.windows.net/retail/SECCHI/SCATOLAME/12242/67DFF5AC-FEDD-4E85-B5B8-5828DFC8E29A_1_MEDIUM.Jpg
Succo di Frutti Misti con Frutti Tropicali U! Confronta e Risparmia,,https://www.spesaonline.unes.it/p/12241,"1 conf 100cl | 1,59 €/l","1,39","1,59",€0.20,10/12,https://unesretailprod.blob.core.windows.net/retail/SECCHI/SCATOLAME/12241/8EB16256-E6F1-435C-85AD-B23D1FE30336_1_MEDIUM.Jpg
Succo di Pompelmo U! Confronta e Risparmia,,https://www.spesaonline.unes.it/p/12240,"1 conf 100cl | 1,59 €/l","1,39","1,59",€0.20,10/12,https://unesretailprod.blob.core.windows.net/retail/SECCHI/SCATOLAME/12240/865A6562-C1BF-4CB8-B85B-31ECCE87C4BD_1_MEDIUM.Jpg
Succo di Arancia U! Confronta e Risparmia,,https://www.spesaonline.unes.it/p/12239,"1 conf 100cl | 1,59 €/l","1,39","1,59",€0.20,10/12,https://unesretailprod.blob.core.windows.net/retail/SECCHI/SCATOLAME/12239/1BFA1324-1492-4E9E-97BF-E161EADB6E03_1_MEDIUM.Jpg
Succo di Ananas U! Confronta e Risparmia,,https://www.spesaonline.unes.it/p/12238,"1 conf 100cl | 1,59 €/l","1,39","1,59",€0.20,10/12,https://unesretailprod.blob.core.windows.net/retail/SECCHI/SCATOLAME/12238/8EFBDB88-6728-4DB8-A16C-59F3DBA37277_1_MEDIUM.Jpg
Bicarbonato di Sodio U! Confronta e Risparmia,,https://www.spesaonline.unes.it/p/35824,"1 conf 500g | 1,98 €/kg","0,89","1,98",€0.10,10/12,https://unesretailprod.blob.core.windows.net/retail/SECCHI/SCATOLAME/35824/34ABED2D-57E9-4C07-A6F9-9DD0B4CF1EF7_1_MEDIUM.Jpg
Effervescente Gusto Limone U! Confronta e Risparmia,,https://www.spesaonline.unes.it/p/29618,"1 conf 250g | 7,96 €/kg","1,99","7,96",,,https://unesretailprod.blob.core.windows.net/retail/SECCHI/SCATOLAME/29618/D0247CC3-D705-4410-89EE-56CD173C1122_1_MEDIUM.Jpg
Sciroppo Fiori di Sambuco U! Confronta e Risparmia,,https://www.spesaonline.unes.it/p/89084,"1 conf 50cl | 4,58 €/l","2,29","4,58",,,https://unesretailprod.blob.core.windows.net/retail/SECCHI/SCATOLAME/89084/A2721C61-D99A-4A19-A8C6-400DABD20E48_1_MEDIUM.Jpg
Sciroppo Mirtillo U! Confronta e Risparmia,,https://www.spesaonline.unes.it/p/89081,"1 conf 50cl | 4,58 €/l","2,29","4,58",,,https://unesretailprod.blob.core.windows.net/retail/SECCHI/SCATOLAME/89081/BFF33BC5-6EA4-4AEF-84C7-ACCD173A17D7_1_MEDIUM.Jpg
Sciroppo Menta Zero Zuccheri U! Confronta e Risparmia,,https://www.spesaonline.unes.it/p/24138,"1 conf 50cl | 3,50 €/l","1,75","3,50",,,https://unesretailprod.blob.core.windows.net/retail/SECCHI/SCATOLAME/24138/3BA9454E-2EB8-4BF5-A463-C0078C3C35CF_1_MEDIUM.Jpg
Orzata U! Confronta e Risparmia,,https://www.spesaonline.unes.it/p/10467,"1 conf 50cl | 4,58 €/l","2,29","4,58",,,https://unesretailprod.blob.core.windows.net/retail/SECCHI/SCATOLAME/10467/224F79C5-67BE-4947-AF0B-3DD9B376D720_1_MEDIUM.Jpg
Sciroppo Menta U! Confronta e Risparmia,,https://www.spesaonline.unes.it/p/10466,"1 conf 50cl | 4,58 €/l","2,29","4,58",,,https://unesretailprod.blob.core.windows.net/retail/SECCHI/SCATOLAME/10466/1B0726A6-9AEC-40B0-A027-91A299DAAA66_1_MEDIUM.Jpg
Sciroppo Limone U! Confronta e Risparmia,,https://www.spesaonline.unes.it/p/10465,"1 conf 50cl | 4,58 €/l","2,29","4,58",,,https://unesretailprod.blob.core.windows.net/retail/SECCHI/SCATOLAME/10465/FBF87307-235C-4FA4-8B11-D2CDEC077453_1_MEDIUM.Jpg
Sciroppo Fragola U! Confronta e Risparmia,,https://www.spesaonline.unes.it/p/10462,"1 conf 50cl | 4,58 €/l","2,29","4,58",,,https://unesretailprod.blob.core.windows.net/retail/SECCHI/SCATOLAME/10462/2D4B87D2-EC53-47E1-9764-DF419D12DEF4_1_MEDIUM.Jpg
Sciroppo Arancia U! Confronta e RIsparmia,,https://www.spesaonline.unes.it/p/10460,"1 conf 50cl | 4,58 €/l","2,29","4,58",,,https://unesretailprod.blob.core.windows.net/retail/SECCHI/SCATOLAME/10460/7A0BF095-9777-4FF6-849F-066A3FEBB599_1_MEDIUM.Jpg
Zuppa con Cicerchie e Lenticchie U! Confronta e Risparmia,,https://www.spesaonline.unes.it/p/86970,"1 conf 450g | 6,20 €/kg","2,79","6,20",,,https://unesretailprod.blob.core.windows.net/retail/FRESCHI/SURGELATI&GELATI/86970/E6781287-C821-40F5-A354-CBD363C0E35C_1_MEDIUM.Jpg
Passato di Verdure con Olio Extra Vergine di Oliva Surgelato U! Confronta e Risparmia,,https://www.spesaonline.unes.it/p/80110,"1 conf 600g | 4,31 €/kg","2,59","4,31",,,https://unesretailprod.blob.core.windows.net/retail/FRESCHI/SURGELATI&GELATI/80110/C0D6965E-FBB4-4B9D-BAF2-875CA78E048F_1_MEDIUM.Jpg
Vellutata alle Verdure U! Confronta e Risparmia,,https://www.spesaonline.unes.it/p/80109,"1 conf 550g | 3,61 €/kg","1,99","3,61",,,https://unesretailprod.blob.core.windows.net/retail/FRESCHI/SURGELATI&GELATI/80109/031266A1-2DA2-455F-9835-7AB3BD6B8E4F_1_MEDIUM.Jpg
Zuppa della Fattoria U! Confronta e Risparmia,,https://www.spesaonline.unes.it/p/761617,"1 conf 600g | 3,98 €/kg","2,39","3,98",,,https://unesretailprod.blob.core.windows.net/retail/FRESCHI/SURGELATI&GELATI/761617/DDF7E60C-36EC-45EA-AB27-F6EABC000A29_1_MEDIUM.Jpg
Zuppa alla Toscana U! Confronta e Risparmia,,https://www.spesaonline.unes.it/p/66868,"1 conf 600g | 4,08 €/kg","2,45","4,08",,,https://unesretailprod.blob.core.windows.net/retail/FRESCHI/SURGELATI&GELATI/66868/182E81AA-3E7D-49B2-BA13-43EA631E0F8F_1_MEDIUM.Jpg
Minestrone Tradizionale U! Confronta e Risparmia,,https://www.spesaonline.unes.it/p/21095,"1 conf 1kg | 1,99 €/kg","1,99","1,99",,,https://unesretailprod.blob.core.windows.net/retail/FRESCHI/SURGELATI&GELATI/21095/FD698DFC-FC66-437D-A07C-A653A2D0AD0B_1_MEDIUM.Jpg
Minestrone Tradizionale U! Confronta e Risparmia,,https://www.spesaonline.unes.it/p/21091,"1 conf 450g | 3,00 €/kg","1,35","3,00",,,https://unesretailprod.blob.core.windows.net/retail/FRESCHI/SURGELATI&GELATI/21091/C72853C1-D3CA-4AD9-8C6B-345973EEE746_1_MEDIUM.Jpg
Patatine Fritte U! Confronta e Risparmia,,https://www.spesaonline.unes.it/p/17371,"1 conf 1kg | 2,29 €/kg","1,69","2,29",€0.60,10/12,https://unesretailprod.blob.core.windows.net/retail/FRESCHI/SURGELATI&GELATI/17371/630DBDC2-26B7-4AE1-B236-4389F9772460_1_MEDIUM.Jpg
Piselli Fini U! Confronta e Risparmia,,https://www.spesaonline.unes.it/p/21097,"1 conf 1kg | 2,49 €/kg","1,85","2,49",€0.64,10/12,https://unesretailprod.blob.core.windows.net/retail/FRESCHI/SURGELATI&GELATI/21097/F306FA09-2E02-4CBA-8FE6-603C15321B88_1_MEDIUM.Jpg
Piselli Fini U! Confronta e Risparmia,,https://www.spesaonline.unes.it/p/21092,"1 conf 450g | 3,22 €/kg","1,45","3,22",,,https://unesretailprod.blob.core.windows.net/retail/FRESCHI/SURGELATI&GELATI/21092/6C948A8A-E07A-447B-AE22-21FDF9ECF366_1_MEDIUM.Jpg
Spinaci a Cubetti U! Confronta e Risparmia,,https://www.spesaonline.unes.it/p/87516,"1 conf 450g | 2,64 €/kg","1,19","2,64",,,https://unesretailprod.blob.core.windows.net/retail/FRESCHI/SURGELATI&GELATI/87516/9B89FE31-6FFE-416B-B743-039FFAE6E589_1_MEDIUM.Jpg
Gran Misto alla Toscana U! Confronta e Risparmia,,https://www.spesaonline.unes.it/p/86968,"1 conf 450g | 6,20 €/kg","2,79","6,20",,,https://unesretailprod.blob.core.windows.net/retail/FRESCHI/SURGELATI&GELATI/86968/8093C03A-1DF1-4473-945A-3575B1AA78A6_1_MEDIUM.Jpg
Verza Tagliata U! Confronta e Risparmia,,https://www.spesaonline.unes.it/p/86964,"1 conf 450g | 3,97 €/kg","1,79","3,97",,,https://unesretailprod.blob.core.windows.net/retail/FRESCHI/SURGELATI&GELATI/86964/708A0167-18F0-4F91-8EE9-22E22604E736_1_MEDIUM.Jpg
Spinaci Foglia su Foglia U! Confronta e Risparmia,,https://www.spesaonline.unes.it/p/86961,"1 conf 450g | 3,53 €/kg","1,59","3,53",,,https://unesretailprod.blob.core.windows.net/retail/FRESCHI/SURGELATI&GELATI/86961/4B87EC53-1D64-45C2-AB3B-3576BF25DF29_1_MEDIUM.Jpg
Cimette di Rapa U! Confronta e Risparmia,,https://www.spesaonline.unes.it/p/79138,"1 conf 450g | 7,97 €/kg","2,49","7,97",€1.10,10/12,https://unesretailprod.blob.core.windows.net/retail/FRESCHI/SURGELATI&GELATI/79138/ED874DA9-6F80-4280-B98E-23CDDA65FAA0_1_MEDIUM.Jpg
Contorno Ghiotto U! Confronta e Risparmia,,https://www.spesaonline.unes.it/p/761078,"1 conf 450g | 4,86 €/kg","1,75","4,86",€0.44,10/12,https://unesretailprod.blob.core.windows.net/retail/FRESCHI/SURGELATI&GELATI/761078/88BF35C3-C918-42CC-AE10-E09F831D979C_1_MEDIUM.Jpg
Broccoli e Patate U! Confronta e Risparmia,,https://www.spesaonline.unes.it/p/66870,"1 conf 450g | 5,53 €/kg","1,99","5,53",€0.50,10/12,https://unesretailprod.blob.core.windows.net/retail/FRESCHI/SURGELATI&GELATI/66870/0587EFB6-483E-436F-97BB-0929E58EE4AC_1_MEDIUM.Jpg
Patate,"Zucchine e ""Cipolla Rossa di Tropea Calabria I.G.P."" U! Confronta e Risparmia",https://www.spesaonline.unes.it/p/66869,"1 conf 450g | 5,97 €/kg","1,99","5,97",€0.70,10/12,https://unesretailprod.blob.core.windows.net/retail/FRESCHI/SURGELATI&GELATI/66869/B8CF9B8F-C2E7-4489-9B73-58DB2F5821F3_1_MEDIUM.Jpg
Asparagi Interi Scottati al Vapore U! Confronta e Risparmia,,https://www.spesaonline.unes.it/p/91049,"1 conf 300g | 10,63 €/kg","3,19","10,63",,,https://unesretailprod.blob.core.windows.net/retail/FRESCHI/SURGELATI&GELATI/91049/55686619-72ED-43D6-9D8C-C5D853823E3A_1_MEDIUM.Jpg
Bietole a Cubetti U! Confronta e Risparmia,,https://www.spesaonline.unes.it/p/87520,"1 conf 450g | 2,77 €/kg","1,25","2,77",,,https://unesretailprod.blob.core.windows.net/retail/FRESCHI/SURGELATI&GELATI/87520/E864A617-61CC-4AD8-BDC8-AB2CD2298DC9_1_MEDIUM.Jpg
Spinaci a Cubetti U! Confronta e Risparmia,,https://www.spesaonline.unes.it/p/87513,"1 conf 1kg | 2,29 €/kg","1,79","2,29",€0.50,10/12,https://unesretailprod.blob.core.windows.net/retail/FRESCHI/SURGELATI&GELATI/87513/50DF2AE9-7F72-4DD4-A603-06E9762B4D9F_1_MEDIUM.Jpg
Spicchi di Carciofo U! Confronta e Risparmia,,https://www.spesaonline.unes.it/p/87371,"1 conf 300g | 8,63 €/kg","2,59","8,63",,,https://unesretailprod.blob.core.windows.net/retail/FRESCHI/SURGELATI&GELATI/87371/5BFA7E5D-89E7-4B2D-9B5D-D9BA284061E6_1_MEDIUM.Jpg
Carciofi Interi U! Confronta e Risparmia,,https://www.spesaonline.unes.it/p/87370,"1 conf 300g | 7,30 €/kg","2,19","7,30",,,https://unesretailprod.blob.core.windows.net/retail/FRESCHI/SURGELATI&GELATI/87370/C303AB13-507B-4ECF-9F35-ABCFE9A22DDE_1_MEDIUM.Jpg
Zucchine a Rondelle U! Confronta e Risparmia,,https://www.spesaonline.unes.it/p/86965,"1 conf 450g | 3,31 €/kg","1,49","3,31",,,https://unesretailprod.blob.core.windows.net/retail/FRESCHI/SURGELATI&GELATI/86965/D7EAB736-4243-4AF4-A999-4DAF92EA9B6D_1_MEDIUM.Jpg
Cicoria a Cubetti U! Confronta e Risparmia,,https://www.spesaonline.unes.it/p/86963,"1 conf 600g | 2,81 €/kg","1,69","2,81",,,https://unesretailprod.blob.core.windows.net/retail/FRESCHI/SURGELATI&GELATI/86963/1E5092ED-6112-4FD7-A118-209662FCDFBF_1_MEDIUM.Jpg
Fagioli Borlotti U! Confronta e Risparmia,,https://www.spesaonline.unes.it/p/86962,"1 conf 450g | 3,97 €/kg","1,79","3,97",,,https://unesretailprod.blob.core.windows.net/retail/FRESCHI/SURGELATI&GELATI/86962/29992664-51E6-436E-B450-CAC18BD4F266_1_MEDIUM.Jpg
Carote a Rondelle U! Confronta e Risparmia,,https://www.spesaonline.unes.it/p/85973,"1 conf 450g | 3,75 €/kg","1,69","3,75",,,https://unesretailprod.blob.core.windows.net/retail/FRESCHI/SURGELATI&GELATI/85973/540CEFAF-ABA8-4D8F-874E-E9BC906FC451_1_MEDIUM.Jpg
Prezzemolo con Aglio U! Confronta e Risparmia,,https://www.spesaonline.unes.it/p/78829,"1 conf 100g | 12,90 €/kg","1,29","12,90",,,https://unesretailprod.blob.core.windows.net/retail/FRESCHI/SURGELATI&GELATI/78829/B66BD450-5BAC-4DC2-848F-2996103B766E_1_MEDIUM.Jpg
Scalogno U! Confronta e Risparmia,,https://www.spesaonline.unes.it/p/78499,"1 conf 100g | 10,90 €/kg","1,09","10,90",,,https://unesretailprod.blob.core.windows.net/retail/FRESCHI/SURGELATI&GELATI/78499/4A2F2667-F4BE-45DF-BC75-E2F037624E13_1_MEDIUM.Jpg
Aglio a Cubetti U! Confronta e Risparmia,,https://www.spesaonline.unes.it/p/26115,"1 conf 100g | 15,90 €/kg","1,59","15,90",,,https://unesretailprod.blob.core.windows.net/retail/FRESCHI/SURGELATI&GELATI/26115/0318ABDF-60E1-4FCC-9C89-6C183B0B6B89_1_MEDIUM.Jpg
Fagiolini Fini U! Confronta e Risparmia,,https://www.spesaonline.unes.it/p/21094,"1 conf 1kg | 2,59 €/kg","2,59","2,59",,,https://unesretailprod.blob.core.windows.net/retail/FRESCHI/SURGELATI&GELATI/21094/740799D8-AD68-48D1-98B6-2A23CD4572E4_1_MEDIUM.Jpg
Fagiolini Finissimi U! Confronta e Ristampa,,https://www.spesaonline.unes.it/p/21089,"1 conf 600g | 2,98 €/kg","1,79","2,98",,,https://unesretailprod.blob.core.windows.net/retail/FRESCHI/SURGELATI&GELATI/21089/4D6B9788-10E0-40BE-9381-4FD6E0B8941B_1_MEDIUM.Jpg
Broccoli U! Confronta e Risparmia,,https://www.spesaonline.unes.it/p/21084,"1 conf 450g | 4,20 €/kg","1,89","4,20",,,https://unesretailprod.blob.core.windows.net/retail/FRESCHI/SURGELATI&GELATI/21084/82565087-7084-4D0B-BEAB-D0285B167098_1_MEDIUM.Jpg
Cavolfiori U! Confronta e Risparmia,,https://www.spesaonline.unes.it/p/21082,"1 conf 450g | 4,20 €/kg","1,89","4,20",,,https://unesretailprod.blob.core.windows.net/retail/FRESCHI/SURGELATI&GELATI/21082/4786E356-619B-48F9-B0BF-6468099409DC_1_MEDIUM.Jpg
Basilico Tritato U! Confronta e Risparmia,,https://www.spesaonline.unes.it/p/21070,"1 conf 50g | 19,80 €/kg","0,99","19,80",,,https://unesretailprod.blob.core.windows.net/retail/FRESCHI/SURGELATI&GELATI/21070/8341F063-659D-4915-A8E3-DBB2CC5AD80F_1_MEDIUM.Jpg
Prezzemolo U! Confronta e Risparmia,,https://www.spesaonline.unes.it/p/20626,"1 conf 75g | 13,20 €/kg","0,99","13,20",,,https://unesretailprod.blob.core.windows.net/retail/FRESCHI/SURGELATI&GELATI/20626/08BE14DE-EAD3-4EEC-A2C6-247899904A17_1_MEDIUM.Jpg
Cipolla U! Confronta e Risparmia,,https://www.spesaonline.unes.it/p/20570,"1 conf 150g | 6,60 €/kg","0,99","6,60",,,https://unesretailprod.blob.core.windows.net/retail/FRESCHI/SURGELATI&GELATI/20570/2DDE629C-AFA4-4B04-B08E-6CDC94FF60DB_1_MEDIUM.Jpg
Misto per Soffritto U! Confronta e Risparmia,,https://www.spesaonline.unes.it/p/20569,"1 conf 150g | 6,60 €/kg","0,99","6,60",,,https://unesretailprod.blob.core.windows.net/retail/FRESCHI/SURGELATI&GELATI/20569/7EC156E7-33B5-49A7-86BF-78106BCFD754_1_MEDIUM.Jpg
Pizza Stirata 4 Formaggi U! Confronta e Risparmia,,https://www.spesaonline.unes.it/p/86820,"1 conf 220g | 11,77 €/kg","2,59","11,77",,,https://unesretailprod.blob.core.windows.net/retail/FRESCHI/SURGELATI&GELATI/86820/4650C204-4618-445F-9BC3-80F6F8FFDB4E_1_MEDIUM.Jpg
Salatini U! Confronta e Risparmia,,https://www.spesaonline.unes.it/p/58477,"1 conf 250g | 9,16 €/kg","1,72","9,16",25%,10/12,https://unesretailprod.blob.core.windows.net/retail/FRESCHI/SURGELATI&GELATI/58477/1EDD9D9D-AC9F-40C1-A1B2-A91C5AAF4D9E_1_MEDIUM.Jpg
Pizzette U! Confronta e Risparmia,,https://www.spesaonline.unes.it/p/58476,"1 conf 250g | 7,96 €/kg","1,49","7,96",25%,10/12,https://unesretailprod.blob.core.windows.net/retail/FRESCHI/SURGELATI&GELATI/58476/61FE23D9-7971-4DFE-BE24-A76B42FA6650_1_MEDIUM.Jpg
Pizza Stirata Pesto di Rucola e Verdure Grigliate U! Confronta e Risparmia,,https://www.spesaonline.unes.it/p/53804,"1 conf 235g | 11,02 €/kg","2,59","11,02",,,https://unesretailprod.blob.core.windows.net/retail/FRESCHI/SURGELATI&GELATI/53804/7BA4A012-CCE9-4FAA-A5F6-C6157513FC70_1_MEDIUM.Jpg
4 Focaccine U! Confronta e Risparmia,,https://www.spesaonline.unes.it/p/47191,"1 conf 360g | 7,47 €/kg","1,99","7,47",€0.70,10/12,https://unesretailprod.blob.core.windows.net/retail/FRESCHI/SURGELATI&GELATI/47191/D29A5DC5-F5A8-49D6-A162-C6528B883BE1_1_MEDIUM.Jpg
Focaccia Farcita Prosciutto Cotto e Formaggio U! Confronta e Risparmia,,https://www.spesaonline.unes.it/p/46695,"1 conf 330g | 10,57 €/kg","3,49","10,57",,,https://unesretailprod.blob.core.windows.net/retail/FRESCHI/SURGELATI&GELATI/46695/65241A32-1480-4C0D-A0A5-FFBCAAF281D4_1_MEDIUM.Jpg
Pizza Stirata Pomodorini e Rucola U! Confronta e Risparmia,,https://www.spesaonline.unes.it/p/45371,"1 conf 225g | 11,51 €/kg","2,59","11,51",,,https://unesretailprod.blob.core.windows.net/retail/FRESCHI/SURGELATI&GELATI/45371/F3F05C44-7323-4802-B270-6D33F40681AA_1_MEDIUM.Jpg
Pizza Stirata Wurstel e Patatine U! Confronta e Risparmia,,https://www.spesaonline.unes.it/p/45368,"1 conf 240g | 10,79 €/kg","2,59","10,79",,,https://unesretailprod.blob.core.windows.net/retail/FRESCHI/SURGELATI&GELATI/45368/9606868B-0E31-48CD-8641-8320988B3D2A_1_MEDIUM.Jpg
2 Pizze con Mozzarella di Bufala Campana DOP e Pomodorini U! Confronta e Risparmia,,https://www.spesaonline.unes.it/p/40377,"1 conf 680g | 8,22 €/kg","5,59","8,22",,,https://unesretailprod.blob.core.windows.net/retail/FRESCHI/SURGELATI&GELATI/40377/D6CF57E3-18FF-4BB3-A0AC-FD678F147E7D_1_MEDIUM.Jpg
2 Pizze Margherita U! Confronta e Risparmia,,https://www.spesaonline.unes.it/p/39229,"1 conf 620g | 6,43 €/kg","3,99","6,43",,,https://unesretailprod.blob.core.windows.net/retail/FRESCHI/SURGELATI&GELATI/39229/E305748A-27E0-400A-B013-352E79F31B97_1_MEDIUM.Jpg
4 Minipizze Margherita U! Confronta e Risparmia,,https://www.spesaonline.unes.it/p/38967,"1 conf 360g | 6,08 €/kg","1,75","6,08",€0.44,10/12,https://unesretailprod.blob.core.windows.net/retail/FRESCHI/SURGELATI&GELATI/38967/1E269E4D-4084-4685-A0A6-D30789518CED_1_MEDIUM.Jpg
Scialatielli allo Scoglio U! Confronta e Risparmia,,https://www.spesaonline.unes.it/p/8029,"1 conf 550g | 6,70 €/kg","3,69","6,70",,,https://unesretailprod.blob.core.windows.net/retail/FRESCHI/SURGELATI&GELATI/8029/9503C21B-EEC0-4FE1-87B2-D992C6B6F9A4_1_MEDIUM.Jpg
Risotto di Mare U! Confronta e Risparmia,,https://www.spesaonline.unes.it/p/760364,"1 conf 600g | 6,31 €/kg","3,79","6,31",,,https://unesretailprod.blob.core.windows.net/retail/FRESCHI/SURGELATI&GELATI/760364/3C365F70-C689-4FBC-8964-CBE32A2274F7_1_MEDIUM.Jpg
Gnocchetti alla Sorrentina U! Confronta e Risparmia,,https://www.spesaonline.unes.it/p/760361,"1 conf 550g | 5,07 €/kg","2,79","5,07",,,https://unesretailprod.blob.core.windows.net/retail/FRESCHI/SURGELATI&GELATI/760361/0B39748D-163E-4625-A8EB-8EA1E626E35C_1_MEDIUM.Jpg
Penne alla Mediterranea U! Confronta e Riasparmia,,https://www.spesaonline.unes.it/p/760360,"1 conf 550g | 5,07 €/kg","2,79","5,07",,,https://unesretailprod.blob.core.windows.net/retail/FRESCHI/SURGELATI&GELATI/760360/E991685D-6D83-4263-9C09-C0536A44B14F_1_MEDIUM.Jpg
Tagliatelle ai Funghi U! Confronta e Risparmia,,https://www.spesaonline.unes.it/p/67062,"1 conf 550g | 6,34 €/kg","2,39","6,34",€1.10,10/12,https://unesretailprod.blob.core.windows.net/retail/FRESCHI/SURGELATI&GELATI/67062/23665889-6BED-47E9-8FAA-71E043E48630_1_MEDIUM.Jpg
Orecchiette alle Cime di Rapa U! Confronta e Risparmia,,https://www.spesaonline.unes.it/p/67053,"1 conf 500g | 5,18 €/kg","1,79","5,18",€0.80,10/12,https://unesretailprod.blob.core.windows.net/retail/FRESCHI/SURGELATI&GELATI/67053/A0143CD7-98A7-42F8-AC7A-C942A35CAC6F_1_MEDIUM.Jpg
Penne ai 4 Formaggi U! Confronta e Risparmia,,https://www.spesaonline.unes.it/p/35282,"1 conf 550g | 5,43 €/kg","2,99","5,43",,,https://unesretailprod.blob.core.windows.net/retail/FRESCHI/SURGELATI&GELATI/35282/1C52BEA8-E15C-4F7D-9F38-75BE7C80D697_1_MEDIUM.Jpg
Paella U! Confronta e Risparmia,,https://www.spesaonline.unes.it/p/1520,"1 conf 650g | 6,13 €/kg","3,99","6,13",,,https://unesretailprod.blob.core.windows.net/retail/FRESCHI/SURGELATI&GELATI/1520/27917136-AC5E-4E5A-BBD5-0CAAC6F11888_1_MEDIUM.Jpg
Patate Grigliate con Pollo Arrosto U! Confronta e Risparmia,,https://www.spesaonline.unes.it/p/763007,"1 conf 450g | 8,86 €/kg","3,99","8,86",,,https://unesretailprod.blob.core.windows.net/retail/FRESCHI/SURGELATI&GELATI/763007/7B5537BD-FC93-4949-A6A9-843F5E76F5B8_1_MEDIUM.Jpg
Patate Grigliate con Rosmarino U! Confronta e Risparmia,,https://www.spesaonline.unes.it/p/761659,"1 conf 450g | 4,86 €/kg","1,75","4,86",€0.44,10/12,https://unesretailprod.blob.core.windows.net/retail/FRESCHI/SURGELATI&GELATI/761659/35D8EBB5-1118-489F-B815-981550E19622_1_MEDIUM.Jpg
Fish Burger di Merluzzo Sudafricano U! Confronta e Risparmia,,https://www.spesaonline.unes.it/p/88848,"1 conf 170g | 18,76 €/kg","3,19","18,76",,,https://unesretailprod.blob.core.windows.net/retail/FRESCHI/SURGELATI&GELATI/88848/3B66871A-2224-497F-B35F-AD4B2C315389_1_MEDIUM.Jpg
Fish Burger di Salmone U! Confronta e Risparmia,,https://www.spesaonline.unes.it/p/88847,"1 conf 170g | 22,88 €/kg","3,89","22,88",,,https://unesretailprod.blob.core.windows.net/retail/FRESCHI/SURGELATI&GELATI/88847/1A66AB88-CF32-4B70-A169-6DD9CF87793B_1_MEDIUM.Jpg
Grigliata di Verdure U! Confronta e Risparmia,,https://www.spesaonline.unes.it/p/7835,"1 conf 450g | 5,53 €/kg","1,99","5,53",€0.50,10/12,https://unesretailprod.blob.core.windows.net/retail/FRESCHI/SURGELATI&GELATI/7835/96C45FE5-725F-4DA5-A9CC-982B4AB9FCD7_1_MEDIUM.Jpg
Zucchine Grigliate a Fette U! Confronta e Risparmia,,https://www.spesaonline.unes.it/p/66965,"1 conf 450g | 5,31 €/kg","2,39","5,31",,,https://unesretailprod.blob.core.windows.net/retail/FRESCHI/SURGELATI&GELATI/66965/8D3179D0-F451-42F5-85DF-F46DDDC57246_1_MEDIUM.Jpg
"Patate Grigliate con Buccia a Base di ""Patata della Sila I.G.P."" U! Confronta e Risparmia",,https://www.spesaonline.unes.it/p/66875,"1 conf 450g | 5,97 €/kg","2,69","5,97",,,https://unesretailprod.blob.core.windows.net/retail/FRESCHI/SURGELATI&GELATI/66875/3E224411-4C76-4456-BEDB-48A73B31FDB9_1_MEDIUM.Jpg
Peperoni Grigliati U! Confronta e Risparmia,,https://www.spesaonline.unes.it/p/66873,"1 conf 450g | 7,08 €/kg","3,19","7,08",,,https://unesretailprod.blob.core.windows.net/retail/FRESCHI/SURGELATI&GELATI/66873/5D0A5DF4-D64F-4C8C-8718-8BC9920A035B_1_MEDIUM.Jpg
Melanzane Grigliate a Fette U! Confronta e Risparmia,,https://www.spesaonline.unes.it/p/66872,"1 conf 450g | 5,31 €/kg","1,89","5,31",€0.50,10/12,https://unesretailprod.blob.core.windows.net/retail/FRESCHI/SURGELATI&GELATI/66872/E2F7295D-666B-43A7-9AC1-2E089F3CCC32_1_MEDIUM.Jpg
Mozzarelline Impanate U! Confronta e Risparmia,,https://www.spesaonline.unes.it/p/54911,"1 conf 250g | 9,96 €/kg","1,85","9,96",€0.64,10/12,https://unesretailprod.blob.core.windows.net/retail/FRESCHI/SURGELATI&GELATI/54911/43EC026F-D3FC-4C38-9F60-C53DF94B826D_1_MEDIUM.Jpg
Olive all' Ascolana U! Confronta e Risparmia,,https://www.spesaonline.unes.it/p/54909,"1 conf 250g | 9,96 €/kg","1,85","9,96",€0.64,10/12,https://unesretailprod.blob.core.windows.net/retail/FRESCHI/SURGELATI&GELATI/54909/F3B13532-0E7B-411E-A09E-AB18594117C4_1_MEDIUM.Jpg
12 Bastoncini di Filetti di Merluzzo U! Confronta e Risparmia,,https://www.spesaonline.unes.it/p/54618,"1 conf 300g | 8,83 €/kg","1,85","8,83",€0.80,10/12,https://unesretailprod.blob.core.windows.net/retail/FRESCHI/SURGELATI&GELATI/54618/F6B9CAD3-A414-4C8B-8DA6-5071479CCD66_1_MEDIUM.Jpg
Cotolette con Spinaci U! Confronta e Risparmia,,https://www.spesaonline.unes.it/p/8785,"1 conf 300g | 6,63 €/kg","1,99","6,63",,,https://unesretailprod.blob.core.windows.net/retail/FRESCHI/SURGELATI&GELATI/8785/FCF5C286-0FE5-4515-8B7F-8C5048DECEF6_1_MEDIUM.Jpg
Cotolette di Pollo U! Confronta e Risparmia,,https://www.spesaonline.unes.it/p/6946,"1 conf 280g | 8,53 €/kg","2,39","8,53",,,https://unesretailprod.blob.core.windows.net/retail/FRESCHI/SURGELATI&GELATI/6946/2392D212-18ED-40E8-ABBB-F856D631FE1B_1_MEDIUM.Jpg
Cordon Bleu U! Confronta e Risparmia,,https://www.spesaonline.unes.it/p/6079,"1 conf 240g | 9,54 €/kg","2,29","9,54",,,https://unesretailprod.blob.core.windows.net/retail/FRESCHI/SURGELATI&GELATI/6079/3796B3D9-C241-45E1-8836-DF4B0CD750F7_1_MEDIUM.Jpg
Bocconcini di Pollo U! Confronta e Risparmia,,https://www.spesaonline.unes.it/p/27052,"1 conf 300g | 9,30 €/kg","2,79","9,30",,,https://unesretailprod.blob.core.windows.net/retail/FRESCHI/SURGELATI&GELATI/27052/A060EC0D-EC57-4353-BEB3-E4107C975739_1_MEDIUM.Jpg
Mini Hamburger con Patate Grigliate U! Confronta e Risparmia,,https://www.spesaonline.unes.it/p/1518,"1 conf 450g | 7,66 €/kg","3,45","7,66",,,https://unesretailprod.blob.core.windows.net/retail/FRESCHI/SURGELATI&GELATI/1518/924B592F-1207-4D95-B4CC-BC1DE0052F36_1_MEDIUM.Jpg
Sugo Pronto allo Scoglio U! Confronta e Risparmia,,https://www.spesaonline.unes.it/p/18497,"1 conf 300g | 9,30 €/kg","1,95","9,30",30%,18/12,https://unesretailprod.blob.core.windows.net/retail/FRESCHI/SURGELATI&GELATI/18497/BCD6AB83-175A-4332-84D3-07E1DFF183F3_1_MEDIUM.Jpg
8 Biscotti Gelato al Gusto Panna Doublè U! Confronta e Risparmia,,https://www.spesaonline.unes.it/p/60536,"1 conf 280g | 9,96 €/kg","2,79","9,96",,,https://unesretailprod.blob.core.windows.net/retail/FRESCHI/SURGELATI&GELATI/60536/782C7C92-23EF-436F-9AB9-572C2064DDD2_1_MEDIUM.Jpg
6 Biscotti Gelato 3G U! Confronta e Risparmia,,https://www.spesaonline.unes.it/p/38180,"1 conf 480g | 6,02 €/kg","2,89","6,02",,,https://unesretailprod.blob.core.windows.net/retail/FRESCHI/SURGELATI&GELATI/38180/65DC9F7B-9EAF-409A-A563-A5C747EF6974_1_MEDIUM.Jpg
Gelato Stracciatella U! Confronta e Risparmia,,https://www.spesaonline.unes.it/p/93530,"1 conf 500g | 5,98 €/kg","2,99","5,98",,,https://unesretailprod.blob.core.windows.net/retail/FRESCHI/SURGELATI&GELATI/93530/964CE108-76F8-4261-8B8C-6FE57B94DB70_1_MEDIUM.Jpg
Gelato Stracciatella alla Menta U! Confronta e Risparmia,,https://www.spesaonline.unes.it/p/93529,"1 conf 500g | 5,98 €/kg","2,99","5,98",,,https://unesretailprod.blob.core.windows.net/retail/FRESCHI/SURGELATI&GELATI/93529/671A1653-C593-46BE-AB6C-4AC67A881F32_1_MEDIUM.Jpg
Gelato al Pistacchio U! Confronta e Risparmia,,https://www.spesaonline.unes.it/p/93528,"1 conf 500g | 5,98 €/kg","2,99","5,98",,,https://unesretailprod.blob.core.windows.net/retail/FRESCHI/SURGELATI&GELATI/93528/765DDFA9-ED83-4160-85FD-08E743CDFAFE_1_MEDIUM.Jpg
Gelato alla Nocciola U! Confronta e Risparmia,,https://www.spesaonline.unes.it/p/93519,"1 conf 500g | 5,98 €/kg","2,99","5,98",,,https://unesretailprod.blob.core.windows.net/retail/FRESCHI/SURGELATI&GELATI/93519/D8AC951E-69F2-45B2-B49B-C624D0C28049_1_MEDIUM.Jpg
Gelato Fiordilatte U! Confronta e Risparmia,,https://www.spesaonline.unes.it/p/93518,"1 conf 500g | 5,98 €/kg","2,99","5,98",,,https://unesretailprod.blob.core.windows.net/retail/FRESCHI/SURGELATI&GELATI/93518/C63A635D-B5AB-4560-A5AA-2C54B6C29C34_1_MEDIUM.Jpg
Gelato al Cioccolato U! Confronta e Risparmia,,https://www.spesaonline.unes.it/p/93517,"1 conf 500g | 5,98 €/kg","2,99","5,98",,,https://unesretailprod.blob.core.windows.net/retail/FRESCHI/SURGELATI&GELATI/93517/7DFCBDAD-52B4-4BE5-B72A-0918D1CD266E_1_MEDIUM.Jpg
Gelato Fiordilatte Variegato al Caramello Salato U! Confronta e Risparmia,,https://www.spesaonline.unes.it/p/93516,"1 conf 500g | 6,98 €/kg","3,49","6,98",,,https://unesretailprod.blob.core.windows.net/retail/FRESCHI/SURGELATI&GELATI/93516/B163ED6A-AE0D-456F-98D8-7BEB9A06BEC6_1_MEDIUM.Jpg
Gelato al Caffè,500 g,https://www.spesaonline.unes.it/p/93515,"1 conf 500g | 5,98 €/kg","2,99","5,98",,,https://unesretailprod.blob.core.windows.net/retail/FRESCHI/SURGELATI&GELATI/93515/27C98562-1418-4A96-A4CD-95128BE5CF01_U1_MEDIUM.Jpg
Gelato Fiordilatte Variegato Amarena U! Confronta e Risparmia,,https://www.spesaonline.unes.it/p/93512,"1 conf 500g | 6,98 €/kg","3,49","6,98",,,https://unesretailprod.blob.core.windows.net/retail/FRESCHI/SURGELATI&GELATI/93512/ED648684-DA92-4FDF-B923-AD777B46F105_1_MEDIUM.Jpg
Sorbetto al Limone U! Confronta e Risparmia,,https://www.spesaonline.unes.it/p/93510,"1 conf 300g | 6,63 €/kg","1,99","6,63",,,https://unesretailprod.blob.core.windows.net/retail/FRESCHI/SURGELATI&GELATI/93510/6586A5AF-8609-4548-B45A-F21CC1ECBE17_1_MEDIUM.Jpg
Sorbetto al Mango U! Confronta e Risparmia,,https://www.spesaonline.unes.it/p/93509,"1 conf 300g | 6,63 €/kg","1,99","6,63",,,https://unesretailprod.blob.core.windows.net/retail/FRESCHI/SURGELATI&GELATI/93509/BF4D6EFF-461E-47EE-AD01-76FC6C256638_1_MEDIUM.Jpg
Sorbetto al Fragola U! Confronta e Risparmia,,https://www.spesaonline.unes.it/p/93508,"1 conf 300g | 6,63 €/kg","1,99","6,63",,,https://unesretailprod.blob.core.windows.net/retail/FRESCHI/SURGELATI&GELATI/93508/86A76152-192A-41B0-81F1-4EDF4F0BA096_1_MEDIUM.Jpg
3 Stecco Bianco Mandorlato U! Confronta e Risparmia,,https://www.spesaonline.unes.it/p/90368,"1 conf 258g | 10,03 €/kg","2,59","10,03",,,https://unesretailprod.blob.core.windows.net/retail/FRESCHI/SURGELATI&GELATI/90368/674B91F3-37E5-4E0D-A986-A2B904B61682_1_MEDIUM.Jpg
3 Stecco Classico U! Confronta e Risparmia,,https://www.spesaonline.unes.it/p/90367,"1 conf 258g | 10,03 €/kg","2,59","10,03",,,https://unesretailprod.blob.core.windows.net/retail/FRESCHI/SURGELATI&GELATI/90367/5BEBF047-2339-4F11-83FF-4EF7D1F6D1F6_1_MEDIUM.Jpg
3 Stecco Mandorlato U! Confronta e Risparmia,,https://www.spesaonline.unes.it/p/90366,"1 conf 258g | 10,03 €/kg","2,59","10,03",,,https://unesretailprod.blob.core.windows.net/retail/FRESCHI/SURGELATI&GELATI/90366/82585C34-F475-4DB9-A27E-BAFD6BD97C41_1_MEDIUM.Jpg
24 Ghiaccioli Assortiti U! Confronta e Risparmia,,https://www.spesaonline.unes.it/p/67138,"1 conf 1,56kg | 3,32 €/kg","5,19","3,32",,,https://unesretailprod.blob.core.windows.net/retail/FRESCHI/SURGELATI&GELATI/67138/43298D36-D572-458B-A0CF-8B863A7753D8_1_MEDIUM.Jpg
8 Ghiaccioli Assortiti U! Confronta e Risparmia,,https://www.spesaonline.unes.it/p/66994,"1 conf 520g | 3,82 €/kg","1,99","3,82",,,https://unesretailprod.blob.core.windows.net/retail/FRESCHI/SURGELATI&GELATI/66994/732BB736-01CD-4882-8F1E-51379BA8FCD2_1_MEDIUM.Jpg
6 Stecco Gelato al Gusto Panna con Copertura al Cacao U! Confronta e Risparmia,,https://www.spesaonline.unes.it/p/53572,"1 conf 300g | 8,30 €/kg","2,49","8,30",,,https://unesretailprod.blob.core.windows.net/retail/FRESCHI/SURGELATI&GELATI/53572/509D4EA6-3A86-4F6D-BBE1-36493B6F06ED_1_MEDIUM.Jpg
